<?xml version="1.0" encoding="UTF-8"?>
<!DOCTYPE html PUBLIC "-//W3C//DTD XHTML 1.0 Transitional//EN"
    "http://www.w3.org/TR/xhtml1/DTD/xhtml1-transitional.dtd">
<html xmlns="http://www.w3.org/1999/xhtml" xml:lang="en" lang="en">
 <head>
  <title>
</title>
<meta http-equiv="Content-Type" content="text/html;charset=utf-8" />
  <meta name='ocr-system' content='tesseract 3.04.00' />
  <meta name='ocr-capabilities' content='ocr_page ocr_carea ocr_par ocr_line ocrx_word'/>
</head>
<body>
  <div class='ocr_page' id='page_1' title='image "./elementaphysiolo177602hall_0189.png"; bbox 0 0 2534 3586; ppageno 0'>
   <div class='ocr_carea' id='block_1_1' title="bbox 125 180 2201 526">
    <p class='ocr_par' dir='ltr' id='par_1_1' title="bbox 125 180 2201 526">
     <span class='ocr_line' id='line_1_1' title="bbox 648 180 2201 229; baseline -0.003 -1"><span class='ocrx_word' id='word_1_1' title='bbox 648 180 1671 229; x_wconf 82' lang='lat' dir='ltr'><strong>MOTUSLATERALIS.</strong></span> <span class='ocrx_word' id='word_1_2' title='bbox 2128 184 2201 224; x_wconf 84' lang='lat'>181</span> 
     </span>
     <span class='ocr_line' id='line_1_2' title="bbox 128 235 2198 302; baseline 0.001 -21"><span class='ocrx_word' id='word_1_3' title='bbox 128 235 278 294; x_wconf 84' lang='lat' dir='ltr'>plenus</span> <span class='ocrx_word' id='word_1_4' title='bbox 310 245 398 283; x_wconf 81' lang='lat' dir='ltr'>erat</span> <span class='ocrx_word' id='word_1_5' title='bbox 429 239 556 302; x_wconf 34' lang='lat' dir='ltr'>(p).-</span> <span class='ocrx_word' id='word_1_6' title='bbox 589 239 662 285; x_wconf 85' lang='lat' dir='ltr'>Ab</span> <span class='ocrx_word' id='word_1_7' title='bbox 705 242 996 295; x_wconf 75' lang='lat' dir='ltr'>aneurysmate</span> <span class='ocrx_word' id='word_1_8' title='bbox 1026 254 1155 286; x_wconf 81' lang='lat' dir='ltr'>aortae</span> <span class='ocrx_word' id='word_1_9' title='bbox 1199 242 1397 286; x_wconf 87' lang='lat' dir='ltr'>maximo</span> <span class='ocrx_word' id='word_1_10' title='bbox 1420 274 1434 296; x_wconf 92' lang='lat'>,</span> <span class='ocrx_word' id='word_1_11' title='bbox 1475 252 1683 295; x_wconf 85' lang='lat' dir='ltr'>carneque</span> <span class='ocrx_word' id='word_1_12' title='bbox 1725 237 1856 294; x_wconf 87' lang='lat' dir='ltr'>pleno</span> <span class='ocrx_word' id='word_1_13' title='bbox 1902 251 2010 293; x_wconf 86' lang='lat' dir='ltr'>pene</span> <span class='ocrx_word' id='word_1_14' title='bbox 2059 238 2198 283; x_wconf 87' lang='lat' dir='ltr'>tendi·</span> 
     </span>
     <span class='ocr_line' id='line_1_3' title="bbox 127 294 2199 359; baseline 0 -21"><span class='ocrx_word' id='word_1_15' title='bbox 127 307 233 350; x_wconf 86' lang='lat' dir='ltr'>nea,</span> <span class='ocrx_word' id='word_1_16' title='bbox 263 296 404 359; x_wconf 75' lang='lat' dir='ltr'>pulsus</span> <span class='ocrx_word' id='word_1_17' title='bbox 437 297 580 342; x_wconf 83' lang='lat' dir='ltr'>lateris</span> <span class='ocrx_word' id='word_1_18' title='bbox 611 298 786 342; x_wconf 89' lang='lat' dir='ltr'>alterius</span> <span class='ocrx_word' id='word_1_19' title='bbox 818 312 925 354; x_wconf 88' lang='lat' dir='ltr'>pene</span> <span class='ocrx_word' id='word_1_20' title='bbox 955 299 1093 342; x_wconf 89' lang='lat' dir='ltr'>nullus</span> <span class='ocrx_word' id='word_1_21' title='bbox 1120 299 1210 353; x_wconf 80' lang='lat' dir='ltr'>(q).</span> <span class='ocrx_word' id='word_1_22' title='bbox 1243 299 1295 344; x_wconf 89' lang='lat' dir='ltr'>In</span> <span class='ocrx_word' id='word_1_23' title='bbox 1326 298 1528 352; x_wconf 69' lang='lat' dir='ltr'>iE‘tericO,</span> <span class='ocrx_word' id='word_1_24' title='bbox 1558 298 1627 342; x_wconf 90' lang='lat' dir='ltr'>cui</span> <span class='ocrx_word' id='word_1_25' title='bbox 1659 295 1799 352; x_wconf 86' lang='lat' dir='ltr'>pulsus</span> <span class='ocrx_word' id='word_1_26' title='bbox 1830 294 1917 339; x_wconf 87' lang='lat' dir='ltr'>fere</span> <span class='ocrx_word' id='word_1_27' title='bbox 1948 296 2160 340; x_wconf 82' lang='lat' dir='ltr'>defecerat</span> <span class='ocrx_word' id='word_1_28' title='bbox 2182 329 2199 350; x_wconf 85' lang='lat'>‚</span> 
     </span>
     <span class='ocr_line' id='line_1_4' title="bbox 126 352 2196 416; baseline -0 -20"><span class='ocrx_word' id='word_1_29' title='bbox 126 353 311 408; x_wconf 80' lang='lat' dir='ltr'>polypus</span> <span class='ocrx_word' id='word_1_30' title='bbox 343 368 387 397; x_wconf 87' lang='lat' dir='ltr'>m</span> <span class='ocrx_word' id='word_1_31' title='bbox 417 354 545 416; x_wconf 68' lang='lat' dir='ltr'>corde</span> <span class='ocrx_word' id='word_1_32' title='bbox 583 353 843 416; x_wconf 27' lang='lat' dir='ltr'>*coaflusque</span> <span class='ocrx_word' id='word_1_33' title='bbox 873 355 1039 413; x_wconf 87' lang='lat' dir='ltr'>sanguis</span> <span class='ocrx_word' id='word_1_34' title='bbox 1071 368 1158 399; x_wconf 87' lang='lat' dir='ltr'>erat</span> <span class='ocrx_word' id='word_1_35' title='bbox 1190 359 1276 409; x_wconf 86' lang='lat' dir='ltr'>(r).</span> <span class='ocrx_word' id='word_1_36' title='bbox 1307 361 1423 401; x_wconf 89' lang='lat' dir='ltr'>Cum</span> <span class='ocrx_word' id='word_1_37' title='bbox 1465 355 1732 399; x_wconf 86' lang='lat' dir='ltr'>ventriculus</span> <span class='ocrx_word' id='word_1_38' title='bbox 1763 352 1885 408; x_wconf 84' lang='lat' dir='ltr'>adipe</span> <span class='ocrx_word' id='word_1_39' title='bbox 1916 352 2029 408; x_wconf 80' lang='lat' dir='ltr'>quasi</span> <span class='ocrx_word' id='word_1_40' title='bbox 2061 354 2196 406; x_wconf 84' lang='lat' dir='ltr'>reple-</span> 
     </span>
     <span class='ocr_line' id='line_1_5' title="bbox 125 409 2198 474; baseline -0 -21"><span class='ocrx_word' id='word_1_41' title='bbox 125 421 276 464; x_wconf 86' lang='lat' dir='ltr'>retur,</span> <span class='ocrx_word' id='word_1_42' title='bbox 305 409 509 466; x_wconf 77' lang='lat' dir='ltr'>asphyxia</span> <span class='ocrx_word' id='word_1_43' title='bbox 539 412 706 474; x_wconf 79' lang='lat' dir='ltr'>aliquot</span> <span class='ocrx_word' id='word_1_44' title='bbox 737 413 904 457; x_wconf 89' lang='lat' dir='ltr'>dierum</span> <span class='ocrx_word' id='word_1_45' title='bbox 935 425 1033 457; x_wconf 90' lang='lat' dir='ltr'>ante</span> <span class='ocrx_word' id='word_1_46' title='bbox 1066 424 1258 457; x_wconf 89' lang='lat' dir='ltr'>mortem</span> <span class='ocrx_word' id='word_1_47' title='bbox 1289 412 1493 469; x_wconf 70' lang='lat' dir='ltr'>praecessit</span> <span class='ocrx_word' id='word_1_48' title='bbox 1521 411 1629 467; x_wconf 70' lang='grc' dir='ltr'>(ν’).</span> <span class='ocrx_word' id='word_1_49' title='bbox 1662 409 1850 467; x_wconf 84' lang='lat' dir='ltr'>Quoties</span> <span class='ocrx_word' id='word_1_50' title='bbox 1879 424 1985 454; x_wconf 86' lang='lat' dir='ltr'>vero</span> <span class='ocrx_word' id='word_1_51' title='bbox 2016 410 2060 453; x_wconf 88' lang='lat' dir='ltr'>in</span> <span class='ocrx_word' id='word_1_52' title='bbox 2091 411 2198 452; x_wconf 88' lang='lat' dir='ltr'>alte-</span> 
     </span>
     <span class='ocr_line' id='line_1_6' title="bbox 126 466 2200 526; baseline 0 -18"><span class='ocrx_word' id='word_1_53' title='bbox 126 479 180 509; x_wconf 78' lang='lat' dir='ltr'>ro</span> <span class='ocrx_word' id='word_1_54' title='bbox 211 466 340 512; x_wconf 88' lang='lat' dir='ltr'>latere</span> <span class='ocrx_word' id='word_1_55' title='bbox 372 466 513 523; x_wconf 85' lang='lat' dir='ltr'>pulsus</span> <span class='ocrx_word' id='word_1_56' title='bbox 545 469 805 513; x_wconf 81' lang='lat' dir='ltr'>intermittit</span> <span class='ocrx_word' id='word_1_57' title='bbox 836 469 951 523; x_wconf 92' lang='lat' dir='ltr'>(s),</span> <span class='ocrx_word' id='word_1_58' title='bbox 982 469 1184 526; x_wconf 86' lang='lat' dir='ltr'>superstes</span> <span class='ocrx_word' id='word_1_59' title='bbox 1216 469 1261 513; x_wconf 89' lang='lat' dir='ltr'>in</span> <span class='ocrx_word' id='word_1_60' title='bbox 1291 471 1457 525; x_wconf 90' lang='lat' dir='ltr'>altero,</span> <span class='ocrx_word' id='word_1_61' title='bbox 1486 469 1691 514; x_wconf 86' lang='lat' dir='ltr'>arteriam</span> <span class='ocrx_word' id='word_1_62' title='bbox 1721 469 1808 523; x_wconf 88' lang='lat' dir='ltr'>ejus</span> <span class='ocrx_word' id='word_1_63' title='bbox 1853 467 1939 511; x_wconf 89' lang='lat' dir='ltr'>loci</span> <span class='ocrx_word' id='word_1_64' title='bbox 1971 467 2108 511; x_wconf 89' lang='lat' dir='ltr'>solam</span> <span class='ocrx_word' id='word_1_65' title='bbox 2140 467 2200 509; x_wconf 87' lang='lat' dir='ltr'>la-</span> 
     </span>
    </p>
   </div>
   <div class='ocr_carea' id='block_1_2' title="bbox 125 520 2204 637">
    <p class='ocr_par' dir='ltr' id='par_1_2' title="bbox 125 520 2204 637">
     <span class='ocr_line' id='line_1_7' title="bbox 125 520 2204 601; baseline -0 -34"><span class='ocrx_word' id='word_1_66' title='bbox 125 520 278 585; x_wconf 71' lang='lat' dir='ltr'>borare</span> <span class='ocrx_word' id='word_1_67' title='bbox 309 523 469 588; x_wconf 76' lang='lat' dir='ltr'>necesse</span> <span class='ocrx_word' id='word_1_68' title='bbox 500 524 583 570; x_wconf 87' lang='lat' dir='ltr'>est.</span> <span class='ocrx_word' id='word_1_69' title='bbox 615 526 784 583; x_wconf 80' lang='lat' dir='ltr'>Quibus</span> <span class='ocrx_word' id='word_1_70' title='bbox 814 526 968 582; x_wconf 87' lang='lat' dir='ltr'>absque</span> <span class='ocrx_word' id='word_1_71' title='bbox 999 527 1154 572; x_wconf 90' lang='lat' dir='ltr'>morbo</span> <span class='ocrx_word' id='word_1_72' title='bbox 1186 527 1387 601; x_wconf 73' lang='lat' dir='ltr'>utrinque</span> <span class='ocrx_word' id='word_1_73' title='bbox 1450 525 1559 581; x_wconf 83' lang='lat' dir='ltr'>ulsus</span> <span class='ocrx_word' id='word_1_74' title='bbox 1590 524 1736 581; x_wconf 81' lang='lat' dir='ltr'>deficit</span> <span class='ocrx_word' id='word_1_75' title='bbox 1768 525 1854 578; x_wconf 79' lang='lat' dir='ltr'>(t),</span> <span class='ocrx_word' id='word_1_76' title='bbox 1883 523 2046 569; x_wconf 88' lang='lat' dir='ltr'>vitium</span> <span class='ocrx_word' id='word_1_77' title='bbox 2080 525 2124 568; x_wconf 90' lang='lat' dir='ltr'>in</span> <span class='ocrx_word' id='word_1_78' title='bbox 2137 538 2204 567; x_wconf 90' lang='lat' dir='ltr'>ar-</span> 
     </span>
     <span class='ocr_line' id='line_1_8' title="bbox 128 573 2202 637; baseline -0.003 -34"><span class='ocrx_word' id='word_1_79' title='bbox 128 587 251 623; x_wconf 66' lang='lat' dir='ltr'>tenls</span> <span class='ocrx_word' id='word_1_80' title='bbox 282 582 457 637; x_wconf 55' lang='lat' dir='ltr'>aliquod</span> <span class='ocrx_word' id='word_1_81' title='bbox 490 581 747 628; x_wconf 44' lang='lat' dir='ltr'>offeamoue·</span> <span class='ocrx_word' id='word_1_82' title='bbox 767 594 963 614; x_wconf 55' lang='lat'>„„„„„„</span> <span class='ocrx_word' id='word_1_83' title='bbox 996 576 1310 604; x_wconf 30' lang='lat' dir='ltr'>Aah-..-enutri</span> <span class='ocrx_word' id='word_1_84' title='bbox 1332 575 1394 611; x_wconf 81' lang='lat' dir='ltr'>n,</span> <span class='ocrx_word' id='word_1_85' title='bbox 1455 574 1518 601; x_wconf 58' lang='lat' dir='ltr'>uae</span> <span class='ocrx_word' id='word_1_86' title='bbox 1547 573 1624 600; x_wconf 69' lang='lat' dir='ltr'>(uu</span> <span class='ocrx_word' id='word_1_87' title='bbox 1650 578 1803 609; x_wconf 55' lang='lat' dir='ltr'>‹turqu-</span> <span class='ocrx_word' id='word_1_88' title='bbox 1835 580 2076 612; x_wconf 53' lang='lat' dir='ltr'>»mayn-no</span> <span class='ocrx_word' id='word_1_89' title='bbox 2107 581 2202 600; x_wconf 30' lang='lat' dir='ltr'>mur*</span> 
     </span>
    </p>
   </div>
   <div class='ocr_carea' id='block_1_3' title="bbox 130 619 1092 679">
    <p class='ocr_par' dir='ltr' id='par_1_3' title="bbox 130 619 1092 679">
     <span class='ocr_line' id='line_1_9' title="bbox 130 619 1092 679; baseline -0.016 -5"><span class='ocrx_word' id='word_1_90' title='bbox 130 633 326 679; x_wconf 55' lang='lat' dir='ltr'>§tionum</span> <span class='ocrx_word' id='word_1_91' title='bbox 357 636 620 667; x_wconf 51' lang='lat' dir='ltr'>,munuum</span> <span class='ocrx_word' id='word_1_92' title='bbox 650 631 772 664; x_wconf 70' lang='lat' dir='ltr'>Vltus</span> <span class='ocrx_word' id='word_1_93' title='bbox 805 619 1039 662; x_wconf 86' lang='lat' dir='ltr'>toleratur.</span> <span class='ocrx_word' id='word_1_94' title='bbox 1088 636 1092 640; x_wconf 85' lang='lat'><em>-</em></span> 
     </span>
    </p>
   </div>
   <div class='ocr_carea' id='block_1_4' title="bbox 606 725 1742 788">
    <p class='ocr_par' dir='ltr' id='par_1_4' title="bbox 606 725 1742 788">
     <span class='ocr_line' id='line_1_10' title="bbox 606 725 1742 788; baseline -0.006 -10"><span class='ocrx_word' id='word_1_95' title='bbox 606 734 645 788; x_wconf 82' lang='lat'>§.</span> <span class='ocrx_word' id='word_1_96' title='bbox 677 730 800 776; x_wconf 83' lang='lat' dir='ltr'>XVI.</span> <span class='ocrx_word' id='word_1_97' title='bbox 831 728 1037 787; x_wconf 75' lang='lat' dir='ltr'>Pulsuum</span> <span class='ocrx_word' id='word_1_98' title='bbox 1068 743 1261 773; x_wconf 80' lang='lat' dir='ltr'>numerus</span> <span class='ocrx_word' id='word_1_99' title='bbox 1286 740 1362 785; x_wconf 85' lang='lat' dir='ltr'>pro</span> <span class='ocrx_word' id='word_1_100' title='bbox 1390 725 1563 784; x_wconf 81' lang='lat' dir='ltr'>diversa</span> <span class='ocrx_word' id='word_1_101' title='bbox 1592 739 1742 772; x_wconf 77' lang='lat' dir='ltr'>aetate.</span> 
     </span>
    </p>
   </div>
   <div class='ocr_carea' id='block_1_5' title="bbox 68 839 2233 2385">
    <p class='ocr_par' dir='ltr' id='par_1_5' title="bbox 68 839 2226 1420">
     <span class='ocr_line' id='line_1_11' title="bbox 183 839 2208 898; baseline -0.006 -1"><span class='ocrx_word' id='word_1_102' title='bbox 183 852 299 898; x_wconf 89' lang='lat' dir='ltr'>Cum</span> <span class='ocrx_word' id='word_1_103' title='bbox 344 850 391 895; x_wconf 89' lang='lat' dir='ltr'>in</span> <span class='ocrx_word' id='word_1_104' title='bbox 433 847 557 894; x_wconf 89' lang='lat' dir='ltr'>omni</span> <span class='ocrx_word' id='word_1_105' title='bbox 589 860 733 891; x_wconf 88' lang='lat' dir='ltr'>rerum</span> <span class='ocrx_word' id='word_1_106' title='bbox 777 843 1042 889; x_wconf 85' lang='lat' dir='ltr'>naturalium</span> <span class='ocrx_word' id='word_1_107' title='bbox 1084 842 1261 888; x_wconf 87' lang='lat' dir='ltr'>historia</span> <span class='ocrx_word' id='word_1_108' title='bbox 1291 841 1397 887; x_wconf 91' lang='lat' dir='ltr'>utile</span> <span class='ocrx_word' id='word_1_109' title='bbox 1428 841 1479 885; x_wconf 80' lang='lat' dir='ltr'>sit</span> <span class='ocrx_word' id='word_1_110' title='bbox 1525 840 1741 890; x_wconf 82' lang='lat' dir='ltr'>mensuras</span> <span class='ocrx_word' id='word_1_111' title='bbox 1771 839 1951 886; x_wconf 87' lang='lat' dir='ltr'>definire</span> <span class='ocrx_word' id='word_1_112' title='bbox 1982 842 2024 886; x_wconf 85' lang='lat'>&amp;</span> <span class='ocrx_word' id='word_1_113' title='bbox 2056 854 2208 886; x_wconf 86' lang='lat' dir='ltr'>nume-</span> 
     </span>
     <span class='ocr_line' id='line_1_12' title="bbox 127 896 2205 965; baseline -0.006 -11"><span class='ocrx_word' id='word_1_114' title='bbox 127 923 200 954; x_wconf 82' lang='lat' dir='ltr'>ros</span> <span class='ocrx_word' id='word_1_115' title='bbox 227 942 242 962; x_wconf 90' lang='lat'>,</span> <span class='ocrx_word' id='word_1_116' title='bbox 273 907 343 952; x_wconf 90' lang='lat' dir='ltr'>hic</span> <span class='ocrx_word' id='word_1_117' title='bbox 375 907 420 950; x_wconf 94' lang='lat' dir='ltr'>in</span> <span class='ocrx_word' id='word_1_118' title='bbox 451 905 577 965; x_wconf 39' lang='lat' dir='ltr'>figno·</span> <span class='ocrx_word' id='word_1_119' title='bbox 611 904 718 946; x_wconf 89' lang='lat' dir='ltr'>adeo</span> <span class='ocrx_word' id='word_1_120' title='bbox 750 901 900 960; x_wconf 84' lang='lat' dir='ltr'>gravi,</span> <span class='ocrx_word' id='word_1_121' title='bbox 931 902 1038 945; x_wconf 91' lang='lat' dir='ltr'>adeo</span> <span class='ocrx_word' id='word_1_122' title='bbox 1067 900 1266 956; x_wconf 88' lang='lat' dir='ltr'>perpetui</span> <span class='ocrx_word' id='word_1_123' title='bbox 1299 898 1423 953; x_wconf 83' lang='lat' dir='ltr'>usus,</span> <span class='ocrx_word' id='word_1_124' title='bbox 1454 899 1497 943; x_wconf 73' lang='lat'>8&lt;</span> <span class='ocrx_word' id='word_1_125' title='bbox 1527 898 1738 955; x_wconf 87' lang='lat' dir='ltr'>primario</span> <span class='ocrx_word' id='word_1_126' title='bbox 1767 899 1912 943; x_wconf 90' lang='lat' dir='ltr'>omnis</span> <span class='ocrx_word' id='word_1_127' title='bbox 1943 896 2205 955; x_wconf 73' lang='lat' dir='ltr'>prognoseos</span> 
     </span>
     <span class='ocr_line' id='line_1_13' title="bbox 127 954 2205 1014; baseline -0.006 -4"><span class='ocrx_word' id='word_1_128' title='bbox 127 966 412 1010; x_wconf 73' lang='lat' dir='ltr'>fundamento</span> <span class='ocrx_word' id='word_1_129' title='bbox 439 993 452 1014; x_wconf 89' lang='lat'>‚</span> <span class='ocrx_word' id='word_1_130' title='bbox 482 959 757 1004; x_wconf 76' lang='lat' dir='ltr'>utilissimum</span> <span class='ocrx_word' id='word_1_131' title='bbox 789 959 916 1003; x_wconf 87' lang='lat' dir='ltr'>fuer-it</span> <span class='ocrx_word' id='word_1_132' title='bbox 962 957 1199 1002; x_wconf 86' lang='lat' dir='ltr'>accuratius</span> <span class='ocrx_word' id='word_1_133' title='bbox 1226 989 1240 1011; x_wconf 90' lang='lat'>,</span> <span class='ocrx_word' id='word_1_134' title='bbox 1283 970 1442 1011; x_wconf 87' lang='lat' dir='ltr'>perque</span> <span class='ocrx_word' id='word_1_135' title='bbox 1490 971 1722 1010; x_wconf 87' lang='lat' dir='ltr'>numeros,</span> <span class='ocrx_word' id='word_1_136' title='bbox 1752 955 2076 1010; x_wconf 72' lang='lat' dir='ltr'>determinasse,</span> <span class='ocrx_word' id='word_1_137' title='bbox 2107 954 2205 1011; x_wconf 83' lang='lat' dir='ltr'>quis</span> 
     </span>
     <span class='ocr_line' id='line_1_14' title="bbox 123 1013 2210 1073; baseline -0.006 -5"><span class='ocrx_word' id='word_1_138' title='bbox 123 1021 176 1069; x_wconf 78' lang='lat' dir='ltr'>fit</span> <span class='ocrx_word' id='word_1_139' title='bbox 207 1021 307 1066; x_wconf 88' lang='lat' dir='ltr'>sano</span> <span class='ocrx_word' id='word_1_140' title='bbox 352 1017 524 1063; x_wconf 90' lang='lat' dir='ltr'>homini</span> <span class='ocrx_word' id='word_1_141' title='bbox 559 1017 729 1073; x_wconf 78' lang='lat' dir='ltr'>pulsuS,</span> <span class='ocrx_word' id='word_1_142' title='bbox 758 1015 853 1071; x_wconf 85' lang='lat' dir='ltr'>quis</span> <span class='ocrx_word' id='word_1_143' title='bbox 885 1014 1084 1059; x_wconf 83' lang='lat' dir='ltr'>febrienti</span> <span class='ocrx_word' id='word_1_144' title='bbox 1117 1047 1130 1067; x_wconf 89' lang='lat'>‚</span> <span class='ocrx_word' id='word_1_145' title='bbox 1175 1025 1222 1059; x_wconf 92' lang='lat' dir='ltr'>ut</span> <span class='ocrx_word' id='word_1_146' title='bbox 1251 1013 1447 1057; x_wconf 87' lang='lat' dir='ltr'>distantia</span> <span class='ocrx_word' id='word_1_147' title='bbox 1489 1028 1513 1056; x_wconf 87' lang='lat' dir='ltr'>a</span> <span class='ocrx_word' id='word_1_148' title='bbox 1543 1013 1787 1058; x_wconf 87' lang='lat' dir='ltr'>valetudine</span> <span class='ocrx_word' id='word_1_149' title='bbox 1820 1013 1985 1070; x_wconf 83' lang='lat' dir='ltr'>integra</span> <span class='ocrx_word' id='word_1_150' title='bbox 2013 1046 2026 1067; x_wconf 92' lang='lat'>,</span> <span class='ocrx_word' id='word_1_151' title='bbox 2066 1014 2210 1067; x_wconf 84' lang='lat' dir='ltr'>adque·</span> 
     </span>
     <span class='ocr_line' id='line_1_15' title="bbox 122 1069 2209 1132; baseline -0.006 -9"><span class='ocrx_word' id='word_1_152' title='bbox 122 1093 220 1123; x_wconf 85' lang='lat' dir='ltr'>eam</span> <span class='ocrx_word' id='word_1_153' title='bbox 249 1076 408 1122; x_wconf 86' lang='lat' dir='ltr'>reditus</span> <span class='ocrx_word' id='word_1_154' title='bbox 449 1075 499 1118; x_wconf 88' lang='lat' dir='ltr'>ad</span> <span class='ocrx_word' id='word_1_155' title='bbox 543 1073 777 1118; x_wconf 87' lang='lat' dir='ltr'>certiorem</span> <span class='ocrx_word' id='word_1_156' title='bbox 819 1072 1035 1116; x_wconf 87' lang='lat' dir='ltr'>rationem</span> <span class='ocrx_word' id='word_1_157' title='bbox 1067 1069 1322 1123; x_wconf 81' lang='lat' dir='ltr'>definiatur.</span> <span class='ocrx_word' id='word_1_158' title='bbox 1369 1069 1513 1112; x_wconf 83' lang='lat' dir='ltr'>Facile</span> <span class='ocrx_word' id='word_1_159' title='bbox 1544 1069 1776 1132; x_wconf 79' lang='lat' dir='ltr'>intelligo,</span> <span class='ocrx_word' id='word_1_160' title='bbox 1821 1070 2098 1114; x_wconf 87' lang='lat' dir='ltr'>latitudinem</span> <span class='ocrx_word' id='word_1_161' title='bbox 2129 1069 2209 1112; x_wconf 90' lang='lat' dir='ltr'>ali-</span> 
     </span>
     <span class='ocr_line' id='line_1_16' title="bbox 122 1125 2210 1191; baseline -0.005 -12"><span class='ocrx_word' id='word_1_162' title='bbox 122 1148 256 1191; x_wconf 87' lang='lat' dir='ltr'>quam</span> <span class='ocrx_word' id='word_1_163' title='bbox 303 1133 370 1177; x_wconf 88' lang='lat' dir='ltr'>his</span> <span class='ocrx_word' id='word_1_164' title='bbox 403 1132 448 1176; x_wconf 90' lang='lat' dir='ltr'>in</span> <span class='ocrx_word' id='word_1_165' title='bbox 493 1131 612 1175; x_wconf 88' lang='lat' dir='ltr'>rebus</span> <span class='ocrx_word' id='word_1_166' title='bbox 644 1129 752 1185; x_wconf 80' lang='lat' dir='ltr'>effe,</span> <span class='ocrx_word' id='word_1_167' title='bbox 794 1142 930 1184; x_wconf 89' lang='lat' dir='ltr'>neque</span> <span class='ocrx_word' id='word_1_168' title='bbox 974 1127 1174 1173; x_wconf 89' lang='lat' dir='ltr'>omnium</span> <span class='ocrx_word' id='word_1_169' title='bbox 1207 1127 1390 1183; x_wconf 79' lang='lat' dir='ltr'>ejusdem</span> <span class='ocrx_word' id='word_1_170' title='bbox 1421 1125 1558 1170; x_wconf 84' lang='lat' dir='ltr'>aetatis</span> <span class='ocrx_word' id='word_1_171' title='bbox 1591 1126 1823 1169; x_wconf 81' lang='lat' dir='ltr'>hominum</span> <span class='ocrx_word' id='word_1_172' title='bbox 1844 1159 1857 1179; x_wconf 91' lang='lat'>,</span> <span class='ocrx_word' id='word_1_173' title='bbox 1888 1139 2025 1180; x_wconf 88' lang='lat' dir='ltr'>neque</span> <span class='ocrx_word' id='word_1_174' title='bbox 2058 1126 2102 1168; x_wconf 89' lang='lat' dir='ltr'>in</span> <span class='ocrx_word' id='word_1_175' title='bbox 2135 1140 2210 1169; x_wconf 88' lang='lat' dir='ltr'>eo-</span> 
     </span>
     <span class='ocr_line' id='line_1_17' title="bbox 68 1179 2207 1243; baseline -0.006 -6"><span class='ocrx_word' id='word_1_176' title='bbox 68 1214 81 1230; x_wconf 54' lang='lat'><em>2</em></span> <span class='ocrx_word' id='word_1_177' title='bbox 123 1194 227 1236; x_wconf 90' lang='lat' dir='ltr'>dem</span> <span class='ocrx_word' id='word_1_178' title='bbox 272 1190 430 1236; x_wconf 90' lang='lat' dir='ltr'>morbo</span> <span class='ocrx_word' id='word_1_179' title='bbox 461 1187 724 1232; x_wconf 89' lang='lat' dir='ltr'>diversarum</span> <span class='ocrx_word' id='word_1_180' title='bbox 756 1184 1034 1243; x_wconf 89' lang='lat' dir='ltr'>personarum</span> <span class='ocrx_word' id='word_1_181' title='bbox 1067 1184 1237 1228; x_wconf 90' lang='lat' dir='ltr'>eosdem</span> <span class='ocrx_word' id='word_1_182' title='bbox 1270 1181 1465 1239; x_wconf 86' lang='lat' dir='ltr'>pulsuum</span> <span class='ocrx_word' id='word_1_183' title='bbox 1513 1179 1594 1225; x_wconf 83' lang='lat' dir='ltr'>esse</span> <span class='ocrx_word' id='word_1_184' title='bbox 1634 1194 1838 1226; x_wconf 87' lang='lat' dir='ltr'>numeros</span> <span class='ocrx_word' id='word_1_185' title='bbox 1859 1214 1869 1225; x_wconf 94' lang='lat'><em>.</em></span> <span class='ocrx_word' id='word_1_186' title='bbox 1902 1183 1981 1226; x_wconf 89' lang='lat' dir='ltr'>Sed</span> <span class='ocrx_word' id='word_1_187' title='bbox 2027 1181 2207 1236; x_wconf 85' lang='lat' dir='ltr'>propius</span> 
     </span>
     <span class='ocr_line' id='line_1_18' title="bbox 129 1238 2211 1302; baseline -0.005 -9"><span class='ocrx_word' id='word_1_188' title='bbox 129 1259 280 1293; x_wconf 88' lang='lat' dir='ltr'>tamen</span> <span class='ocrx_word' id='word_1_189' title='bbox 311 1249 362 1302; x_wconf 85' lang='lat' dir='ltr'>ad</span> <span class='ocrx_word' id='word_1_190' title='bbox 394 1244 636 1290; x_wconf 86' lang='lat' dir='ltr'>mensuram</span> <span class='ocrx_word' id='word_1_191' title='bbox 682 1245 775 1289; x_wconf 90' lang='lat' dir='ltr'>veri</span> <span class='ocrx_word' id='word_1_192' title='bbox 817 1243 980 1288; x_wconf 88' lang='lat' dir='ltr'>accedit</span> <span class='ocrx_word' id='word_1_193' title='bbox 1005 1275 1018 1296; x_wconf 89' lang='lat'>,</span> <span class='ocrx_word' id='word_1_194' title='bbox 1065 1241 1309 1297; x_wconf 84' lang='lat' dir='ltr'>quicunque</span> <span class='ocrx_word' id='word_1_195' title='bbox 1351 1253 1554 1284; x_wconf 87' lang='lat' dir='ltr'>numeros</span> <span class='ocrx_word' id='word_1_196' title='bbox 1597 1238 1808 1296; x_wconf 86' lang='lat' dir='ltr'>exprimit</span> <span class='ocrx_word' id='word_1_197' title='bbox 1838 1273 1851 1293; x_wconf 90' lang='lat'>‚</span> <span class='ocrx_word' id='word_1_198' title='bbox 1880 1238 1923 1282; x_wconf 77' lang='grc' dir='ltr'>δ(</span> <span class='ocrx_word' id='word_1_199' title='bbox 1968 1238 2211 1282; x_wconf 85' lang='lat' dir='ltr'>terminum</span> 
     </span>
     <span class='ocr_line' id='line_1_19' title="bbox 124 1295 2211 1363; baseline -0.006 -13"><span class='ocrx_word' id='word_1_200' title='bbox 124 1317 243 1350; x_wconf 89' lang='lat' dir='ltr'>certe</span> <span class='ocrx_word' id='word_1_201' title='bbox 274 1304 403 1363; x_wconf 77' lang='lat' dir='ltr'>figit,</span> <span class='ocrx_word' id='word_1_202' title='bbox 434 1317 566 1359; x_wconf 91' lang='lat' dir='ltr'>quem</span> <span class='ocrx_word' id='word_1_203' title='bbox 597 1302 715 1348; x_wconf 85' lang='lat' dir='ltr'>ultro</span> <span class='ocrx_word' id='word_1_204' title='bbox 746 1301 942 1357; x_wconf 88' lang='lat' dir='ltr'>citroque</span> <span class='ocrx_word' id='word_1_205' title='bbox 987 1310 1138 1344; x_wconf 85' lang='lat' dir='ltr'>natura</span> <span class='ocrx_word' id='word_1_206' title='bbox 1168 1298 1340 1344; x_wconf 89' lang='lat' dir='ltr'>modice</span> <span class='ocrx_word' id='word_1_207' title='bbox 1384 1295 1593 1342; x_wconf 85' lang='lat' dir='ltr'>discurrat</span> <span class='ocrx_word' id='word_1_208' title='bbox 1612 1329 1630 1352; x_wconf 86' lang='lat'>,</span> <span class='ocrx_word' id='word_1_209' title='bbox 1658 1310 1881 1355; x_wconf 87' lang='lat' dir='ltr'>nunquam</span> <span class='ocrx_word' id='word_1_210' title='bbox 1923 1306 2070 1341; x_wconf 88' lang='lat' dir='ltr'>tamen</span> <span class='ocrx_word' id='word_1_211' title='bbox 2113 1296 2211 1340; x_wconf 83' lang='lat' dir='ltr'>lon-</span> 
     </span>
     <span class='ocr_line' id='line_1_20' title="bbox 130 1361 2226 1420; baseline -0.004 -14"><span class='ocrx_word' id='word_1_212' title='bbox 130 1361 299 1420; x_wconf 79' lang='lat' dir='ltr'>gissime</span> <span class='ocrx_word' id='word_1_213' title='bbox 336 1372 565 1417; x_wconf 85' lang='lat' dir='ltr'>evagetur.</span> <span class='ocrx_word' id='word_1_214' title='bbox 1374 1389 1376 1391; x_wconf 27' lang='grc' dir='ltr'>ψ</span> <span class='ocrx_word' id='word_1_215' title='bbox 2223 1379 2226 1383; x_wconf 36' lang='grc' dir='ltr'><strong><em>ι</em></strong></span> 
     </span>
    </p>

    <p class='ocr_par' dir='ltr' id='par_1_6' title="bbox 128 1408 2219 1933">
     <span class='ocr_line' id='line_1_21' title="bbox 191 1408 2210 1471; baseline -0.004 -9"><span class='ocrx_word' id='word_1_216' title='bbox 191 1419 390 1471; x_wconf 81' lang='lat' dir='ltr'>Primus,</span> <span class='ocrx_word' id='word_1_217' title='bbox 422 1417 467 1461; x_wconf 89' lang='lat' dir='ltr'>ni</span> <span class='ocrx_word' id='word_1_218' title='bbox 497 1417 650 1471; x_wconf 87' lang='lat' dir='ltr'>fallor,</span> <span class='ocrx_word' id='word_1_219' title='bbox 679 1415 749 1461; x_wconf 86' lang='lat' dir='ltr'>vir</span> <span class='ocrx_word' id='word_1_220' title='bbox 778 1417 828 1460; x_wconf 85' lang='lat' dir='ltr'>ad</span> <span class='ocrx_word' id='word_1_221' title='bbox 860 1415 1167 1461; x_wconf 86' lang='lat' dir='ltr'>inveniendum</span> <span class='ocrx_word' id='word_1_222' title='bbox 1196 1427 1350 1459; x_wconf 89' lang='lat' dir='ltr'>verum</span> <span class='ocrx_word' id='word_1_223' title='bbox 1380 1422 1530 1466; x_wconf 78' lang='lat' dir='ltr'>natus,</span> <span class='ocrx_word' id='word_1_224' title='bbox 1560 1411 1768 1468; x_wconf 80' lang='lat' dir='ltr'>Keplerus</span> <span class='ocrx_word' id='word_1_225' title='bbox 1797 1412 1889 1467; x_wconf 80' lang='lat' dir='ltr'>(u)</span> <span class='ocrx_word' id='word_1_226' title='bbox 1917 1409 2116 1468; x_wconf 87' lang='lat' dir='ltr'>pulsuum</span> <span class='ocrx_word' id='word_1_227' title='bbox 2161 1408 2210 1454; x_wconf 83' lang='lat' dir='ltr'>in</span> 
     </span>
     <span class='ocr_line' id='line_1_22' title="bbox 131 1468 2212 1530; baseline -0.004 -11"><span class='ocrx_word' id='word_1_228' title='bbox 131 1475 236 1519; x_wconf 87' lang='lat' dir='ltr'>dato</span> <span class='ocrx_word' id='word_1_229' title='bbox 267 1486 468 1530; x_wconf 90' lang='lat' dir='ltr'>tempore</span> <span class='ocrx_word' id='word_1_230' title='bbox 499 1488 727 1518; x_wconf 88' lang='lat' dir='ltr'>numerum</span> <span class='ocrx_word' id='word_1_231' title='bbox 757 1473 934 1519; x_wconf 83' lang='lat' dir='ltr'>definire</span> <span class='ocrx_word' id='word_1_232' title='bbox 966 1473 1173 1528; x_wconf 83' lang='lat' dir='ltr'>suscepit,</span> <span class='ocrx_word' id='word_1_233' title='bbox 1207 1487 1310 1516; x_wconf 86' lang='lat' dir='ltr'>nam</span> <span class='ocrx_word' id='word_1_234' title='bbox 1357 1470 1581 1516; x_wconf 87' lang='lat' dir='ltr'>cardinalis</span> <span class='ocrx_word' id='word_1_235' title='bbox 1611 1470 1775 1529; x_wconf 84' lang='lat' dir='ltr'>Cusani</span> <span class='ocrx_word' id='word_1_236' title='bbox 1803 1468 2001 1527; x_wconf 85' lang='lat' dir='ltr'>pulsuum</span> <span class='ocrx_word' id='word_1_237' title='bbox 2045 1469 2095 1512; x_wconf 87' lang='lat' dir='ltr'>ad</span> <span class='ocrx_word' id='word_1_238' title='bbox 2127 1468 2212 1511; x_wconf 89' lang='lat' dir='ltr'>cle-</span> 
     </span>
     <span class='ocr_line' id='line_1_23' title="bbox 132 1525 2214 1592; baseline -0.003 -17"><span class='ocrx_word' id='word_1_239' title='bbox 132 1531 333 1592; x_wconf 80' lang='lat' dir='ltr'>psydram</span> <span class='ocrx_word' id='word_1_240' title='bbox 366 1531 659 1590; x_wconf 72' lang='lat' dir='ltr'>enumeratio,</span> <span class='ocrx_word' id='word_1_241' title='bbox 691 1545 911 1588; x_wconf 86' lang='lat' dir='ltr'>nunquam</span> <span class='ocrx_word' id='word_1_242' title='bbox 940 1533 989 1575; x_wconf 91' lang='lat' dir='ltr'>ad</span> <span class='ocrx_word' id='word_1_243' title='bbox 1023 1530 1164 1586; x_wconf 86' lang='lat' dir='ltr'>ipsum</span> <span class='ocrx_word' id='word_1_244' title='bbox 1194 1544 1302 1586; x_wconf 82' lang='lat' dir='ltr'>opus</span> <span class='ocrx_word' id='word_1_245' title='bbox 1333 1528 1531 1585; x_wconf 70' lang='lat' dir='ltr'>perduEia</span> <span class='ocrx_word' id='word_1_246' title='bbox 1574 1527 1683 1574; x_wconf 85' lang='lat' dir='ltr'>suit.</span> <span class='ocrx_word' id='word_1_247' title='bbox 1729 1529 1834 1572; x_wconf 89' lang='lat' dir='ltr'>Inde</span> <span class='ocrx_word' id='word_1_248' title='bbox 1867 1525 2049 1583; x_wconf 85' lang='lat' dir='ltr'>proprio</span> <span class='ocrx_word' id='word_1_249' title='bbox 2097 1525 2214 1570; x_wconf 90' lang='lat' dir='ltr'>libro</span> 
     </span>
     <span class='ocr_line' id='line_1_24' title="bbox 128 1584 2211 1646; baseline -0.003 -13"><span class='ocrx_word' id='word_1_250' title='bbox 128 1591 311 1645; x_wconf 76' lang='lat' dir='ltr'>Ioannes</span> <span class='ocrx_word' id='word_1_251' title='bbox 326 1587 479 1646; x_wconf 85' lang='lat' dir='ltr'>Floyer</span> <span class='ocrx_word' id='word_1_252' title='bbox 509 1589 584 1645; x_wconf 78' lang='lat' dir='ltr'>(y)</span> <span class='ocrx_word' id='word_1_253' title='bbox 614 1588 780 1639; x_wconf 82' lang='lat' dir='ltr'>uberius</span> <span class='ocrx_word' id='word_1_254' title='bbox 808 1603 890 1644; x_wconf 88' lang='lat' dir='ltr'>pro</span> <span class='ocrx_word' id='word_1_255' title='bbox 906 1588 1138 1632; x_wconf 85' lang='lat' dir='ltr'>hominum</span> <span class='ocrx_word' id='word_1_256' title='bbox 1170 1587 1512 1642; x_wconf 83' lang='lat' dir='ltr'>morborumque</span> <span class='ocrx_word' id='word_1_257' title='bbox 1546 1585 1754 1630; x_wconf 87' lang='lat' dir='ltr'>varietate</span> <span class='ocrx_word' id='word_1_258' title='bbox 1776 1584 1975 1642; x_wconf 83' lang='lat' dir='ltr'>pulsuum</span> <span class='ocrx_word' id='word_1_259' title='bbox 2007 1597 2211 1628; x_wconf 85' lang='lat' dir='ltr'>numeros</span> 
     </span>
     <span class='ocr_line' id='line_1_25' title="bbox 132 1639 2213 1700; baseline -0.004 -9"><span class='ocrx_word' id='word_1_260' title='bbox 132 1647 179 1691; x_wconf 73' lang='grc' dir='ltr'>δε</span> <span class='ocrx_word' id='word_1_261' title='bbox 211 1645 400 1690; x_wconf 89' lang='lat' dir='ltr'>rationes</span> <span class='ocrx_word' id='word_1_262' title='bbox 432 1644 676 1700; x_wconf 72' lang='lat' dir='ltr'>descripsit,</span> <span class='ocrx_word' id='word_1_263' title='bbox 708 1645 859 1690; x_wconf 88' lang='lat' dir='ltr'>deinde</span> <span class='ocrx_word' id='word_1_264' title='bbox 889 1646 972 1689; x_wconf 89' lang='lat' dir='ltr'>Vir</span> <span class='ocrx_word' id='word_1_265' title='bbox 1003 1645 1075 1689; x_wconf 89' lang='lat' dir='ltr'>Cl.</span> <span class='ocrx_word' id='word_1_266' title='bbox 1107 1643 1290 1688; x_wconf 79' lang='lat' dir='ltr'>Thomas</span> <span class='ocrx_word' id='word_1_267' title='bbox 1307 1641 1558 1688; x_wconf 68' lang='lat' dir='ltr'>Schwenke</span> <span class='ocrx_word' id='word_1_268' title='bbox 1588 1644 1694 1700; x_wconf 61' lang='lat' dir='ltr'>(z),</span> <span class='ocrx_word' id='word_1_269' title='bbox 1727 1645 1873 1700; x_wconf 60' lang='lat' dir='ltr'>Bnyan</span> <span class='ocrx_word' id='word_1_270' title='bbox 1905 1639 2118 1697; x_wconf 80' lang='lat' dir='ltr'>Robinson</span> <span class='ocrx_word' id='word_1_271' title='bbox 2148 1639 2213 1694; x_wconf 76' lang='lat' dir='ltr'>(a)</span> 
     </span>
     <span class='ocr_line' id='line_1_26' title="bbox 130 1699 2219 1759; baseline -0.004 -11"><span class='ocrx_word' id='word_1_272' title='bbox 130 1704 176 1748; x_wconf 77' lang='lat'>8&lt;</span> <span class='ocrx_word' id='word_1_273' title='bbox 208 1702 281 1746; x_wconf 89' lang='lat' dir='ltr'>Cl.</span> <span class='ocrx_word' id='word_1_274' title='bbox 314 1704 410 1758; x_wconf 83' lang='lat' dir='ltr'>Rye</span> <span class='ocrx_word' id='word_1_275' title='bbox 440 1701 525 1752; x_wconf 73' lang='lat' dir='ltr'><em>(b).</em></span> <span class='ocrx_word' id='word_1_276' title='bbox 560 1702 639 1744; x_wconf 76' lang='lat' dir='ltr'>Sed</span> <span class='ocrx_word' id='word_1_277' title='bbox 671 1702 803 1746; x_wconf 91' lang='lat' dir='ltr'>etiam</span> <span class='ocrx_word' id='word_1_278' title='bbox 836 1702 976 1759; x_wconf 86' lang='lat' dir='ltr'>egoin</span> <span class='ocrx_word' id='word_1_279' title='bbox 1005 1701 1188 1757; x_wconf 87' lang='lat' dir='ltr'>proprio</span> <span class='ocrx_word' id='word_1_280' title='bbox 1218 1699 1504 1757; x_wconf 79' lang='lat' dir='ltr'>corpore‚.&amp;</span> <span class='ocrx_word' id='word_1_281' title='bbox 1524 1699 1804 1744; x_wconf 87' lang='lat' dir='ltr'>familiarium</span> <span class='ocrx_word' id='word_1_282' title='bbox 1835 1713 2035 1743; x_wconf 84' lang='lat' dir='ltr'>meorum</span> <span class='ocrx_word' id='word_1_283' title='bbox 2068 1711 2219 1753; x_wconf 85' lang='lat' dir='ltr'>carpo,</span> 
     </span>
     <span class='ocr_line' id='line_1_27' title="bbox 132 1754 2218 1814; baseline -0.003 -11"><span class='ocrx_word' id='word_1_284' title='bbox 132 1761 188 1804; x_wconf 80' lang='lat' dir='ltr'>ad</span> <span class='ocrx_word' id='word_1_285' title='bbox 219 1758 502 1814; x_wconf 88' lang='lat' dir='ltr'>horologium</span> <span class='ocrx_word' id='word_1_286' title='bbox 534 1756 711 1803; x_wconf 87' lang='lat' dir='ltr'>secunda</span> <span class='ocrx_word' id='word_1_287' title='bbox 740 1759 1253 1812; x_wconf 26' lang='lat' dir='ltr'>minutaffindicaturum,</span> <span class='ocrx_word' id='word_1_288' title='bbox 1285 1756 1621 1802; x_wconf 64' lang='lat' dir='ltr'>numerosissima</span> <span class='ocrx_word' id='word_1_289' title='bbox 1651 1756 1699 1801; x_wconf 89' lang='lat' dir='ltr'>in</span> <span class='ocrx_word' id='word_1_290' title='bbox 1728 1756 2002 1800; x_wconf 85' lang='lat' dir='ltr'>numerandis</span> <span class='ocrx_word' id='word_1_291' title='bbox 2034 1754 2218 1810; x_wconf 83' lang='lat' dir='ltr'>pulfibus</span> 
     </span>
     <span class='ocr_line' id='line_1_28' title="bbox 135 1810 2219 1877; baseline -0.002 -18"><span class='ocrx_word' id='word_1_292' title='bbox 135 1815 438 1877; x_wconf 74' lang='lat' dir='ltr'>experimenta</span> <span class='ocrx_word' id='word_1_293' title='bbox 481 1815 565 1859; x_wconf 88' lang='lat' dir='ltr'>feci</span> <span class='ocrx_word' id='word_1_294' title='bbox 597 1817 703 1869; x_wconf 78' lang='lat' dir='ltr'>(c).</span> <span class='ocrx_word' id='word_1_295' title='bbox 738 1816 893 1872; x_wconf 86' lang='lat' dir='ltr'>Nuper</span> <span class='ocrx_word' id='word_1_296' title='bbox 935 1816 1005 1862; x_wconf 87' lang='lat' dir='ltr'>Cl.</span> <span class='ocrx_word' id='word_1_297' title='bbox 1037 1813 1289 1871; x_wconf 79' lang='lat' dir='ltr'>Franciscus</span> <span class='ocrx_word' id='word_1_298' title='bbox 1330 1814 1381 1858; x_wconf 82' lang='lat' dir='ltr'>de</span> <span class='ocrx_word' id='word_1_299' title='bbox 1410 1814 1632 1870; x_wconf 68' lang='lat' dir='ltr'>sauvages</span> <span class='ocrx_word' id='word_1_300' title='bbox 1679 1813 1917 1871; x_wconf 85' lang='lat' dir='ltr'>pendulum</span> <span class='ocrx_word' id='word_1_301' title='bbox 1963 1828 2065 1857; x_wconf 87' lang='lat' dir='ltr'>cum</span> <span class='ocrx_word' id='word_1_302' title='bbox 2095 1810 2219 1868; x_wconf 82' lang='lat' dir='ltr'>pulsu</span> 
     </span>
     <span class='ocr_line' id='line_1_29' title="bbox 138 1869 1611 1933; baseline 0.001 -17"><span class='ocrx_word' id='word_1_303' title='bbox 138 1886 256 1926; x_wconf 82' lang='lat' dir='ltr'>carpi</span> <span class='ocrx_word' id='word_1_304' title='bbox 288 1869 583 1933; x_wconf 39' lang='lat' dir='ltr'>isochronum·</span> <span class='ocrx_word' id='word_1_305' title='bbox 600 1885 682 1927; x_wconf 89' lang='lat' dir='ltr'>pro</span> <span class='ocrx_word' id='word_1_306' title='bbox 713 1873 945 1930; x_wconf 83' lang='lat' dir='ltr'>pulfilogio</span> <span class='ocrx_word' id='word_1_307' title='bbox 973 1872 1199 1930; x_wconf 84' lang='lat' dir='ltr'>proposuit</span> <span class='ocrx_word' id='word_1_308' title='bbox 1232 1872 1321 1927; x_wconf 87' lang='lat' dir='ltr'>(d).</span> <span class='ocrx_word' id='word_1_309' title='bbox 1351 1915 1354 1918; x_wconf 81' lang='grc'><em>.</em></span> <span class='ocrx_word' id='word_1_310' title='bbox 1607 1873 1611 1876; x_wconf 70' lang='grc'><strong>’</strong></span> 
     </span>
    </p>

    <p class='ocr_par' dir='ltr' id='par_1_7' title="bbox 139 1924 2229 2215">
     <span class='ocr_line' id='line_1_30' title="bbox 198 1924 2222 1992; baseline -0.001 -21"><span class='ocrx_word' id='word_1_311' title='bbox 198 1928 264 1990; x_wconf 68' lang='lat' dir='ltr'>[th</span> <span class='ocrx_word' id='word_1_312' title='bbox 294 1943 317 1971; x_wconf 90' lang='lat' dir='ltr'>a</span> <span class='ocrx_word' id='word_1_313' title='bbox 347 1928 490 1984; x_wconf 87' lang='lat' dir='ltr'>prima</span> <span class='ocrx_word' id='word_1_314' title='bbox 521 1928 689 1984; x_wconf 76' lang='lat' dir='ltr'>origine</span> <span class='ocrx_word' id='word_1_315' title='bbox 718 1930 882 1992; x_wconf 77' lang='lat' dir='ltr'>animal</span> <span class='ocrx_word' id='word_1_316' title='bbox 913 1941 1140 1986; x_wconf 84' lang='lat' dir='ltr'>repetam,</span> <span class='ocrx_word' id='word_1_317' title='bbox 1170 1928 1316 1985; x_wconf 69' lang='lat' dir='ltr'>punssi</span> <span class='ocrx_word' id='word_1_318' title='bbox 1350 1926 1537 1972; x_wconf 86' lang='lat' dir='ltr'>salientis</span> <span class='ocrx_word' id='word_1_319' title='bbox 1583 1926 1726 1983; x_wconf 87' lang='lat' dir='ltr'>pulsus</span> <span class='ocrx_word' id='word_1_320' title='bbox 1769 1928 1875 1972; x_wconf 90' lang='lat' dir='ltr'>adeo</span> <span class='ocrx_word' id='word_1_321' title='bbox 1905 1940 2109 1972; x_wconf 82' lang='lat' dir='ltr'>numeros</span> <span class='ocrx_word' id='word_1_322' title='bbox 2157 1924 2222 1968; x_wconf 84' lang='lat' dir='ltr'>in·</span> 
     </span>
     <span class='ocr_line' id='line_1_31' title="bbox 139 1983 2227 2043; baseline -0.001 -15"><span class='ocrx_word' id='word_1_323' title='bbox 139 1997 269 2038; x_wconf 75' lang='lat' dir='ltr'>veni,</span> <span class='ocrx_word' id='word_1_324' title='bbox 301 1995 345 2028; x_wconf 83' lang='lat' dir='ltr'>ut</span> <span class='ocrx_word' id='word_1_325' title='bbox 378 2000 540 2029; x_wconf 85' lang='lat' dir='ltr'>vocum</span> <span class='ocrx_word' id='word_1_326' title='bbox 570 1987 934 2041; x_wconf 73' lang='lat' dir='ltr'>pronunmatione</span> <span class='ocrx_word' id='word_1_327' title='bbox 966 1987 1241 2043; x_wconf 88' lang='lat' dir='ltr'>nequiverim</span> <span class='ocrx_word' id='word_1_328' title='bbox 1270 1985 1458 2042; x_wconf 76' lang='lat' dir='ltr'>assequi,</span> <span class='ocrx_word' id='word_1_329' title='bbox 1488 1986 1674 2040; x_wconf 87' lang='lat' dir='ltr'>quandiu</span> <span class='ocrx_word' id='word_1_330' title='bbox 1703 1999 1860 2042; x_wconf 85' lang='lat' dir='ltr'>nempe</span> <span class='ocrx_word' id='word_1_331' title='bbox 1890 1986 2012 2030; x_wconf 86' lang='lat' dir='ltr'>suum</span> <span class='ocrx_word' id='word_1_332' title='bbox 2041 1983 2227 2027; x_wconf 87' lang='lat' dir='ltr'>animal-</span> 
     </span>
     <span class='ocr_line' id='line_1_32' title="bbox 142 2038 2227 2106; baseline 0 -22"><span class='ocrx_word' id='word_1_333' title='bbox 142 2040 243 2084; x_wconf 90' lang='lat' dir='ltr'>culo</span> <span class='ocrx_word' id='word_1_334' title='bbox 272 2040 431 2094; x_wconf 82' lang='lat' dir='ltr'>robur,</span> <span class='ocrx_word' id='word_1_335' title='bbox 461 2042 704 2106; x_wconf 65' lang='lat' dir='ltr'>&amp;.¹³.²tivu,⁵</span> <span class='ocrx_word' id='word_1_336' title='bbox 736 2045 854 2089; x_wconf 88' lang='lat' dir='ltr'>calor</span> <span class='ocrx_word' id='word_1_337' title='bbox 883 2043 1009 2088; x_wconf 88' lang='lat' dir='ltr'>inest.</span> <span class='ocrx_word' id='word_1_338' title='bbox 1042 2044 1134 2100; x_wconf 81' lang='lat' dir='ltr'>Qui</span> <span class='ocrx_word' id='word_1_339' title='bbox 1164 2044 1210 2087; x_wconf 90' lang='lat' dir='ltr'>in</span> <span class='ocrx_word' id='word_1_340' title='bbox 1242 2044 1417 2088; x_wconf 87' lang='lat' dir='ltr'>minuto</span> <span class='ocrx_word' id='word_1_341' title='bbox 1439 2042 1586 2099; x_wconf 89' lang='lat' dir='ltr'>primo</span> <span class='ocrx_word' id='word_1_342' title='bbox 1616 2043 1862 2088; x_wconf 89' lang='lat' dir='ltr'>numeravit</span> <span class='ocrx_word' id='word_1_343' title='bbox 1901 2061 1915 2086; x_wconf 90' lang='lat'>1</span> <span class='ocrx_word' id='word_1_344' title='bbox 1951 2060 1979 2097; x_wconf 90' lang='lat'>4</span> <span class='ocrx_word' id='word_1_345' title='bbox 2010 2045 2067 2097; x_wconf 80' lang='lat' dir='ltr'>(e)</span> <span class='ocrx_word' id='word_1_346' title='bbox 2083 2038 2227 2097; x_wconf 82' lang='lat' dir='ltr'>pulsus</span> 
     </span>
     <span class='ocr_line' id='line_1_33' title="bbox 143 2095 2229 2162; baseline 0.001 -23"><span class='ocrx_word' id='word_1_347' title='bbox 143 2097 218 2160; x_wconf 73' lang='lat' dir='ltr'>Cl.</span> <span class='ocrx_word' id='word_1_348' title='bbox 251 2095 431 2161; x_wconf 61' lang='lat' dir='ltr'>Flsyer,</span> <span class='ocrx_word' id='word_1_349' title='bbox 463 2099 574 2160; x_wconf 76' lang='lat' dir='ltr'>mihi</span> <span class='ocrx_word' id='word_1_350' title='bbox 605 2111 750 2162; x_wconf 75' lang='lat' dir='ltr'>potius</span> <span class='ocrx_word' id='word_1_351' title='bbox 783 2101 896 2146; x_wconf 88' lang='lat' dir='ltr'>intra</span> <span class='ocrx_word' id='word_1_352' title='bbox 925 2116 1080 2147; x_wconf 88' lang='lat' dir='ltr'>verum</span> <span class='ocrx_word' id='word_1_353' title='bbox 1112 2100 1329 2145; x_wconf 75' lang='lat' dir='ltr'>substitisse</span> <span class='ocrx_word' id='word_1_354' title='bbox 1344 2100 1546 2154; x_wconf 89' lang='lat' dir='ltr'>videtur,</span> <span class='ocrx_word' id='word_1_355' title='bbox 1578 2115 1677 2145; x_wconf 90' lang='lat' dir='ltr'>cum</span> <span class='ocrx_word' id='word_1_356' title='bbox 1709 2100 1843 2144; x_wconf 89' lang='lat' dir='ltr'>etiam</span> <span class='ocrx_word' id='word_1_357' title='bbox 1873 2115 1900 2143; x_wconf 95' lang='lat' dir='ltr'>o</span> <span class='ocrx_word' id='word_1_358' title='bbox 1947 2114 2029 2144; x_wconf 89' lang='lat' dir='ltr'>avo</span> <span class='ocrx_word' id='word_1_359' title='bbox 2060 2114 2083 2142; x_wconf 88' lang='lat' dir='ltr'>a</span> <span class='ocrx_word' id='word_1_360' title='bbox 2101 2109 2229 2155; x_wconf 82' lang='lat' dir='ltr'>partu</span> 
     </span>
     <span class='ocr_line' id='line_1_34' title="bbox 148 2154 1799 2215; baseline 0.003 -19"><span class='ocrx_word' id='word_1_361' title='bbox 148 2154 221 2197; x_wconf 81' lang='lat' dir='ltr'>die</span> <span class='ocrx_word' id='word_1_362' title='bbox 252 2166 465 2215; x_wconf 66' lang='lat' dir='ltr'>majorem</span> <span class='ocrx_word' id='word_1_363' title='bbox 501 2168 545 2197; x_wconf 83' lang='lat' dir='ltr'>in</span> <span class='ocrx_word' id='word_1_364' title='bbox 576 2155 755 2215; x_wconf 75' lang='lat' dir='ltr'>homme</span> <span class='ocrx_word' id='word_1_365' title='bbox 785 2171 1012 2203; x_wconf 87' lang='lat' dir='ltr'>numerum</span> <span class='ocrx_word' id='word_1_366' title='bbox 1044 2158 1149 2203; x_wconf 85' lang='lat' dir='ltr'>alius</span> <span class='ocrx_word' id='word_1_367' title='bbox 1180 2158 1250 2202; x_wconf 90' lang='lat' dir='ltr'>Cl.</span> <span class='ocrx_word' id='word_1_368' title='bbox 1283 2157 1526 2203; x_wconf 80' lang='lat' dir='ltr'>Britannus</span> <span class='ocrx_word' id='word_1_369' title='bbox 1556 2156 1769 2201; x_wconf 84' lang='lat' dir='ltr'>recenseat</span> <span class='ocrx_word' id='word_1_370' title='bbox 1790 2190 1799 2201; x_wconf 95' lang='lat'><strong><em>.</em></strong></span> 
     </span>
    </p>

    <p class='ocr_par' dir='ltr' id='par_1_8' title="bbox 149 2208 2233 2385">
     <span class='ocr_line' id='line_1_35' title="bbox 209 2208 2225 2270; baseline 0 -18"><span class='ocrx_word' id='word_1_371' title='bbox 209 2211 403 2253; x_wconf 81' lang='lat' dir='ltr'>Noviter</span> <span class='ocrx_word' id='word_1_372' title='bbox 435 2208 622 2252; x_wconf 81' lang='lat' dir='ltr'>nascenti</span> <span class='ocrx_word' id='word_1_373' title='bbox 655 2212 826 2256; x_wconf 86' lang='lat' dir='ltr'>homini</span> <span class='ocrx_word' id='word_1_374' title='bbox 858 2228 1002 2268; x_wconf 83' lang='lat' dir='ltr'>parem</span> <span class='ocrx_word' id='word_1_375' title='bbox 1041 2230 1118 2269; x_wconf 80' lang='lat'>134</span> <span class='ocrx_word' id='word_1_376' title='bbox 1150 2214 1348 2270; x_wconf 89' lang='lat' dir='ltr'>pulsuum</span> <span class='ocrx_word' id='word_1_377' title='bbox 1379 2229 1608 2259; x_wconf 88' lang='lat' dir='ltr'>numerum</span> <span class='ocrx_word' id='word_1_378' title='bbox 1638 2215 1755 2259; x_wconf 87' lang='lat' dir='ltr'>idem</span> <span class='ocrx_word' id='word_1_379' title='bbox 1784 2213 1936 2258; x_wconf 87' lang='lat' dir='ltr'>tribuit</span> <span class='ocrx_word' id='word_1_380' title='bbox 1966 2213 2036 2257; x_wconf 86' lang='lat' dir='ltr'>Cl.</span> <span class='ocrx_word' id='word_1_381' title='bbox 2069 2211 2225 2269; x_wconf 72' lang='lat' dir='ltr'>floyer</span> 
     </span>
     <span class='ocr_line' id='line_1_36' title="bbox 154 2265 2233 2328; baseline -0.003 -12"><span class='ocrx_word' id='word_1_382' title='bbox 154 2265 263 2323; x_wconf 84' lang='lat' dir='ltr'><strong>(f)·</strong></span> <span class='ocrx_word' id='word_1_383' title='bbox 295 2268 501 2323; x_wconf 81' lang='lat' dir='ltr'>Bryanus</span> <span class='ocrx_word' id='word_1_384' title='bbox 530 2279 663 2328; x_wconf 76' lang='lat' dir='ltr'>vere,</span> <span class='ocrx_word' id='word_1_385' title='bbox 694 2282 774 2322; x_wconf 87' lang='lat' dir='ltr'>eo,</span> <span class='ocrx_word' id='word_1_386' title='bbox 805 2283 934 2323; x_wconf 87' lang='lat' dir='ltr'>quem</span> <span class='ocrx_word' id='word_1_387' title='bbox 965 2271 1152 2314; x_wconf 80' lang='lat' dir='ltr'>excitavi</span> <span class='ocrx_word' id='word_1_388' title='bbox 1173 2273 1300 2323; x_wconf 84' lang='lat' dir='ltr'>loco,</span> <span class='ocrx_word' id='word_1_389' title='bbox 1331 2271 1424 2326; x_wconf 89' lang='lat' dir='ltr'>post</span> <span class='ocrx_word' id='word_1_390' title='bbox 1455 2271 1555 2315; x_wconf 67' lang='lat'>0610</span> <span class='ocrx_word' id='word_1_391' title='bbox 1585 2287 1609 2314; x_wconf 90' lang='lat' dir='ltr'>a</span> <span class='ocrx_word' id='word_1_392' title='bbox 1640 2283 1763 2326; x_wconf 91' lang='lat' dir='ltr'>partu</span> <span class='ocrx_word' id='word_1_393' title='bbox 1779 2271 1896 2323; x_wconf 86' lang='lat' dir='ltr'>dies,</span> <span class='ocrx_word' id='word_1_394' title='bbox 1928 2269 2111 2312; x_wconf 89' lang='lat' dir='ltr'>omnino</span> <span class='ocrx_word' id='word_1_395' title='bbox 2150 2281 2233 2322; x_wconf 80' lang='lat'>150</span> 
     </span>
     <span class='ocr_line' id='line_1_37' title="bbox 149 2321 2231 2385; baseline -0.003 -12"><span class='ocrx_word' id='word_1_396' title='bbox 149 2326 274 2385; x_wconf 69' lang='lat' dir='ltr'>(g){</span> <span class='ocrx_word' id='word_1_397' title='bbox 321 2337 451 2379; x_wconf 87' lang='lat' dir='ltr'>quem</span> <span class='ocrx_word' id='word_1_398' title='bbox 494 2323 669 2380; x_wconf 85' lang='lat' dir='ltr'>quidem</span> <span class='ocrx_word' id='word_1_399' title='bbox 706 2338 944 2385; x_wconf 11' lang='lat' dir='ltr'>*numerum</span> <span class='ocrx_word' id='word_1_400' title='bbox 990 2340 1073 2382; x_wconf 88' lang='lat' dir='ltr'>ego</span> <span class='ocrx_word' id='word_1_401' title='bbox 1119 2340 1340 2382; x_wconf 84' lang='lat' dir='ltr'>nunquam</span> <span class='ocrx_word' id='word_1_402' title='bbox 1381 2325 1524 2382; x_wconf 88' lang='lat' dir='ltr'>inire,</span> <span class='ocrx_word' id='word_1_403' title='bbox 1565 2339 1705 2383; x_wconf 85' lang='lat' dir='ltr'>neque</span> <span class='ocrx_word' id='word_1_404' title='bbox 1743 2326 1855 2372; x_wconf 85' lang='lat' dir='ltr'>ultra</span> <span class='ocrx_word' id='word_1_405' title='bbox 1902 2340 1982 2381; x_wconf 84' lang='lat'>140</span> <span class='ocrx_word' id='word_1_406' title='bbox 2027 2321 2231 2382; x_wconf 87' lang='lat' dir='ltr'>progredi</span> 
     </span>
    </p>
   </div>
   <div class='ocr_carea' id='block_1_6' title="bbox 148 2390 2234 2482">
    <p class='ocr_par' dir='ltr' id='par_1_9' title="bbox 148 2390 2234 2482">
     <span class='ocr_line' id='line_1_38' title="bbox 148 2390 310 2437; baseline -0.006 -12"><span class='ocrx_word' id='word_1_407' title='bbox 148 2390 278 2437; x_wconf 78' lang='lat' dir='ltr'>potui</span> <span class='ocrx_word' id='word_1_408' title='bbox 297 2411 310 2424; x_wconf 88' lang='lat'><strong>.</strong></span> 
     </span>
     <span class='ocr_line' id='line_1_39' title="bbox 2148 2435 2234 2482; baseline 0.012 -1"><span class='ocrx_word' id='word_1_409' title='bbox 2148 2435 2234 2482; x_wconf 82' lang='lat' dir='ltr'>Uti</span> 
     </span>
    </p>
   </div>
   <div class='ocr_carea' id='block_1_7' title="bbox 156 2569 2226 2594">
    <p class='ocr_par' dir='ltr' id='par_1_10' title="bbox 156 2569 2226 2594">
     <span class='ocr_line' id='line_1_40' title="bbox 156 2569 2226 2594; baseline 0.002 -10"><span class='ocrx_word' id='word_1_410' title='bbox 156 2569 579 2588; x_wconf 69' lang='lat'><strong>———-——--—-——</strong></span> <span class='ocrx_word' id='word_1_411' title='bbox 595 2575 1959 2594; x_wconf 59' lang='lat' dir='ltr'>-a———n—o-n——unq-——u-——m———u-n--u</span> <span class='ocrx_word' id='word_1_412' title='bbox 1964 2572 2226 2590; x_wconf 65' lang='lat'>—————-</span> 
     </span>
    </p>
   </div>
   <div class='ocr_carea' id='block_1_8' title="bbox 201 2654 1931 2718">
    <p class='ocr_par' dir='ltr' id='par_1_11' title="bbox 201 2654 1931 2718">
     <span class='ocr_line' id='line_1_41' title="bbox 201 2654 1931 2718; baseline -0.001 -9"><span class='ocrx_word' id='word_1_413' title='bbox 201 2666 265 2710; x_wconf 64' lang='lat' dir='ltr'>(P)</span> <span class='ocrx_word' id='word_1_414' title='bbox 290 2666 451 2709; x_wconf 59' lang='lat' dir='ltr'>spindler</span> <span class='ocrx_word' id='word_1_415' title='bbox 476 2668 540 2701; x_wconf 80' lang='lat' dir='ltr'>0bs</span> <span class='ocrx_word' id='word_1_416' title='bbox 562 2680 616 2708; x_wconf 83' lang='lat'>²9·</span> <span class='ocrx_word' id='word_1_417' title='bbox 1274 2669 1326 2718; x_wconf 80' lang='lat' dir='ltr'>(a)</span> <span class='ocrx_word' id='word_1_418' title='bbox 1351 2654 1529 2718; x_wconf 27' lang='lat' dir='ltr'>Essaysion</span> <span class='ocrx_word' id='word_1_419' title='bbox 1555 2674 1693 2709; x_wconf 84' lang='lat' dir='ltr'>animal.</span> <span class='ocrx_word' id='word_1_420' title='bbox 1722 2684 1902 2715; x_wconf 77' lang='lat' dir='ltr'>oeconomy</span> <span class='ocrx_word' id='word_1_421' title='bbox 1920 2696 1931 2707; x_wconf 88' lang='lat'>.</span> 
     </span>
    </p>
   </div>
   <div class='ocr_carea' id='block_1_9' title="bbox 163 2713 2237 3078">
    <p class='ocr_par' dir='ltr' id='par_1_12' title="bbox 202 2713 2236 2856">
     <span class='ocr_line' id='line_1_42' title="bbox 202 2713 2236 2764; baseline 0.002 -19"><span class='ocrx_word' id='word_1_422' title='bbox 202 2713 263 2754; x_wconf 65' lang='grc' dir='ltr'>(εὶ)</span> <span class='ocrx_word' id='word_1_423' title='bbox 290 2716 424 2764; x_wconf 59' lang='lat' dir='ltr'>Marcet</span> <span class='ocrx_word' id='word_1_424' title='bbox 450 2717 557 2747; x_wconf 86' lang='lat' dir='ltr'>Mem.</span> <span class='ocrx_word' id='word_1_425' title='bbox 585 2715 627 2747; x_wconf 91' lang='lat' dir='ltr'>de</span> <span class='ocrx_word' id='word_1_426' title='bbox 651 2713 675 2746; x_wconf 88' lang='lat' dir='ltr'>l’</span> <span class='ocrx_word' id='word_1_427' title='bbox 703 2715 804 2749; x_wconf 71' lang='lat' dir='ltr'>Acad.</span> <span class='ocrx_word' id='word_1_428' title='bbox 829 2716 886 2751; x_wconf 81' lang='lat' dir='ltr'>des</span> <span class='ocrx_word' id='word_1_429' title='bbox 914 2717 1042 2753; x_wconf 75' lang='lat' dir='ltr'>soienc.</span> <span class='ocrx_word' id='word_1_430' title='bbox 1071 2728 1170 2761; x_wconf 83' lang='lat'>1724.</span> <span class='ocrx_word' id='word_1_431' title='bbox 1277 2719 1337 2763; x_wconf 86' lang='lat' dir='ltr'>(b)</span> <span class='ocrx_word' id='word_1_432' title='bbox 1361 2724 1400 2755; x_wconf 89' lang='lat' dir='ltr'>ln</span> <span class='ocrx_word' id='word_1_433' title='bbox 1425 2720 1594 2754; x_wconf 82' lang='lat' dir='ltr'>medicina</span> <span class='ocrx_word' id='word_1_434' title='bbox 1620 2721 1731 2754; x_wconf 81' lang='lat' dir='ltr'>statica</span> <span class='ocrx_word' id='word_1_435' title='bbox 1759 2718 1950 2754; x_wconf 77' lang='lat' dir='ltr'>britannica</span> <span class='ocrx_word' id='word_1_436' title='bbox 1968 2740 1981 2758; x_wconf 83' lang='lat'><em>‚</em></span> <span class='ocrx_word' id='word_1_437' title='bbox 2016 2715 2086 2760; x_wconf 82' lang='lat' dir='ltr'>post</span> <span class='ocrx_word' id='word_1_438' title='bbox 2111 2718 2236 2758; x_wconf 71' lang='lat' dir='ltr'>Rogert</span> 
     </span>
     <span class='ocr_line' id='line_1_43' title="bbox 203 2756 2234 2810; baseline -0.009 2"><span class='ocrx_word' id='word_1_439' title='bbox 203 2756 272 2810; x_wconf 48' lang='grc' dir='ltr'>(Υ),</span> <span class='ocrx_word' id='word_1_440' title='bbox 288 2758 438 2797; x_wconf 68' lang='lat' dir='ltr'>Valssner</span> <span class='ocrx_word' id='word_1_441' title='bbox 464 2770 553 2809; x_wconf 67' lang='lat' dir='ltr'><strong>⁰P‘.¹&#39;·</strong></span> <span class='ocrx_word' id='word_1_442' title='bbox 580 2770 670 2792; x_wconf 75' lang='lat' dir='ltr'>⁰¹¹¹n·</span> <span class='ocrx_word' id='word_1_443' title='bbox 697 2768 721 2793; x_wconf 72' lang='lat'>¹-</span> <span class='ocrx_word' id='word_1_444' title='bbox 739 2772 768 2799; x_wconf 83' lang='lat'>3·</span> <span class='ocrx_word' id='word_1_445' title='bbox 797 2772 829 2804; x_wconf 86' lang='lat' dir='ltr'>P·</span> <span class='ocrx_word' id='word_1_446' title='bbox 847 2766 924 2802; x_wconf 79' lang='lat'><strong>¹98·</strong></span> <span class='ocrx_word' id='word_1_447' title='bbox 1230 2764 1402 2800; x_wconf 84' lang='lat' dir='ltr'>historiam</span> <span class='ocrx_word' id='word_1_448' title='bbox 1427 2765 1622 2800; x_wconf 82' lang='lat' dir='ltr'>morborum</span> <span class='ocrx_word' id='word_1_449' title='bbox 1647 2765 1913 2809; x_wconf 82' lang='lat' dir='ltr'>epidemicorum</span> <span class='ocrx_word' id='word_1_450' title='bbox 1936 2761 2096 2796; x_wconf 79' lang='lat' dir='ltr'>hiberniae</span> <span class='ocrx_word' id='word_1_451' title='bbox 2111 2783 2122 2802; x_wconf 91' lang='lat'>‚</span> <span class='ocrx_word' id='word_1_452' title='bbox 2143 2759 2234 2794; x_wconf 73' lang='lat' dir='ltr'>edita</span> 
     </span>
     <span class='ocr_line' id='line_1_44' title="bbox 206 2801 1498 2856; baseline 0.008 -23"><span class='ocrx_word' id='word_1_453' title='bbox 206 2801 279 2845; x_wconf 67' lang='grc' dir='ltr'>(τ’)</span> <span class='ocrx_word' id='word_1_454' title='bbox 303 2804 440 2843; x_wconf 83' lang='lat' dir='ltr'>VVelsch</span> <span class='ocrx_word' id='word_1_455' title='bbox 466 2804 633 2856; x_wconf 70' lang='lat' dir='ltr'>Episagm.</span> <span class='ocrx_word' id='word_1_456' title='bbox 671 2804 743 2838; x_wconf 90' lang='lat' dir='ltr'>obs.</span> <span class='ocrx_word' id='word_1_457' title='bbox 768 2818 823 2847; x_wconf 77' lang='lat'>34.</span> <span class='ocrx_word' id='word_1_458' title='bbox 863 2810 988 2842; x_wconf 76' lang='lat' dir='ltr'>Riolan</span> <span class='ocrx_word' id='word_1_459' title='bbox 1021 2808 1172 2846; x_wconf 78' lang='lat' dir='ltr'>animad-</span> <span class='ocrx_word' id='word_1_460' title='bbox 1228 2810 1370 2846; x_wconf 81' lang='lat' dir='ltr'>Dublini</span> <span class='ocrx_word' id='word_1_461' title='bbox 1400 2822 1498 2852; x_wconf 83' lang='lat'>1734.</span> 
     </span>
    </p>

    <p class='ocr_par' dir='ltr' id='par_1_13' title="bbox 163 2843 2237 3061">
     <span class='ocr_line' id='line_1_45' title="bbox 163 2843 2237 2900; baseline 0.006 -22"><span class='ocrx_word' id='word_1_462' title='bbox 163 2843 242 2876; x_wconf 67' lang='lat' dir='ltr'>vers.</span> <span class='ocrx_word' id='word_1_463' title='bbox 267 2846 306 2879; x_wconf 76' lang='lat' dir='ltr'>ad</span> <span class='ocrx_word' id='word_1_464' title='bbox 333 2850 369 2880; x_wconf 87' lang='lat' dir='ltr'>c.</span> <span class='ocrx_word' id='word_1_465' title='bbox 395 2852 531 2883; x_wconf 77' lang='lat' dir='ltr'>Bauhm</span> <span class='ocrx_word' id='word_1_466' title='bbox 558 2860 590 2892; x_wconf 85' lang='lat' dir='ltr'>p·</span> <span class='ocrx_word' id='word_1_467' title='bbox 616 2861 694 2890; x_wconf 77' lang='lat'>704·</span> <span class='ocrx_word' id='word_1_468' title='bbox 1276 2857 1331 2899; x_wconf 82' lang='lat' dir='ltr'>(c)</span> <span class='ocrx_word' id='word_1_469' title='bbox 1357 2855 1478 2900; x_wconf 80' lang='lat' dir='ltr'>Aliqua</span> <span class='ocrx_word' id='word_1_470' title='bbox 1502 2853 1606 2900; x_wconf 76' lang='lat' dir='ltr'>tetigi</span> <span class='ocrx_word' id='word_1_471' title='bbox 1631 2856 1668 2890; x_wconf 88' lang='lat' dir='ltr'>in</span> <span class='ocrx_word' id='word_1_472' title='bbox 1692 2852 1878 2892; x_wconf 82' lang='lat' dir='ltr'>Memoires</span> <span class='ocrx_word' id='word_1_473' title='bbox 1903 2852 2000 2890; x_wconf 78' lang='lat' dir='ltr'>surle</span> <span class='ocrx_word' id='word_1_474' title='bbox 2012 2856 2237 2889; x_wconf 71' lang='lat' dir='ltr'>mouvement</span> 
     </span>
     <span class='ocr_line' id='line_1_46' title="bbox 210 2889 1627 2944; baseline 0.01 -24"><span class='ocrx_word' id='word_1_475' title='bbox 210 2889 260 2927; x_wconf 68' lang='lat' dir='ltr'>(s)</span> <span class='ocrx_word' id='word_1_476' title='bbox 285 2892 489 2928; x_wconf 84' lang='lat' dir='ltr'>Recherches</span> <span class='ocrx_word' id='word_1_477' title='bbox 515 2894 566 2927; x_wconf 90' lang='lat' dir='ltr'>sur</span> <span class='ocrx_word' id='word_1_478' title='bbox 593 2895 624 2927; x_wconf 88' lang='lat' dir='ltr'>le</span> <span class='ocrx_word' id='word_1_479' title='bbox 651 2896 745 2938; x_wconf 73' lang='lat' dir='ltr'>pouls</span> <span class='ocrx_word' id='word_1_480' title='bbox 770 2907 802 2940; x_wconf 83' lang='lat' dir='ltr'>p.</span> <span class='ocrx_word' id='word_1_481' title='bbox 830 2900 905 2940; x_wconf 77' lang='lat'>318.</span> <span class='ocrx_word' id='word_1_482' title='bbox 922 2909 991 2942; x_wconf 75' lang='lat'>319.</span> <span class='ocrx_word' id='word_1_483' title='bbox 1228 2900 1276 2937; x_wconf 77' lang='lat' dir='ltr'>du</span> <span class='ocrx_word' id='word_1_484' title='bbox 1303 2902 1392 2943; x_wconf 79' lang='lat' dir='ltr'>saog-</span> <span class='ocrx_word' id='word_1_485' title='bbox 1421 2914 1450 2944; x_wconf 78' lang='grc' dir='ltr'>ρ.</span> <span class='ocrx_word' id='word_1_486' title='bbox 1471 2902 1627 2944; x_wconf 83' lang='lat' dir='ltr'>36.seqq.</span> 
     </span>
     <span class='ocr_line' id='line_1_47' title="bbox 207 2929 1735 3017; baseline 0.004 -42"><span class='ocrx_word' id='word_1_487' title='bbox 207 2929 264 3017; x_wconf 54' lang='grc'>((3</span> <span class='ocrx_word' id='word_1_488' title='bbox 286 2935 464 3011; x_wconf 44' lang='lat' dir='ltr'>{laxum</span> <span class='ocrx_word' id='word_1_489' title='bbox 490 2940 511 2971; x_wconf 85' lang='lat' dir='ltr'>l·</span> <span class='ocrx_word' id='word_1_490' title='bbox 527 2951 553 2972; x_wconf 83' lang='lat' dir='ltr'>c·</span> <span class='ocrx_word' id='word_1_491' title='bbox 569 2951 602 2972; x_wconf 80' lang='lat' dir='ltr'>n·</span> <span class='ocrx_word' id='word_1_492' title='bbox 623 2952 670 2981; x_wconf 84' lang='lat'>¹9·</span> <span class='ocrx_word' id='word_1_493' title='bbox 1274 2947 1338 2986; x_wconf 82' lang='lat' dir='ltr'>(d)</span> <span class='ocrx_word' id='word_1_494' title='bbox 1361 2946 1484 2980; x_wconf 78' lang='lat' dir='ltr'>Theor.</span> <span class='ocrx_word' id='word_1_495' title='bbox 1512 2947 1620 2990; x_wconf 78' lang='lat' dir='ltr'>pulsus</span> <span class='ocrx_word' id='word_1_496' title='bbox 1646 2956 1735 2990; x_wconf 60' lang='lat'>1³31.</span> 
     </span>
     <span class='ocr_line' id='line_1_48' title="bbox 204 2987 1628 3061; baseline 0.006 -45"><span class='ocrx_word' id='word_1_497' title='bbox 204 3022 269 3061; x_wconf 67' lang='lat' dir='ltr'>(Y)</span> <span class='ocrx_word' id='word_1_498' title='bbox 292 3020 362 3057; x_wconf 66' lang='lat' dir='ltr'>The</span> <span class='ocrx_word' id='word_1_499' title='bbox 387 2992 478 3059; x_wconf 46' lang='lat' dir='ltr'>nam?</span> <span class='ocrx_word' id='word_1_500' title='bbox 503 2987 623 3018; x_wconf 83' lang='lat' dir='ltr'>L.111.</span> <span class='ocrx_word' id='word_1_501' title='bbox 642 2997 663 3029; x_wconf 88' lang='lat' dir='ltr'>p</span> <span class='ocrx_word' id='word_1_502' title='bbox 692 2998 758 3020; x_wconf 84' lang='lat'>111.</span> <span class='ocrx_word' id='word_1_503' title='bbox 1273 2991 1328 3035; x_wconf 80' lang='lat' dir='ltr'>(e)</span> <span class='ocrx_word' id='word_1_504' title='bbox 1353 2994 1467 3042; x_wconf 31' lang='lat' dir='ltr'>&#39;lx-11.</span> <span class='ocrx_word' id='word_1_505' title='bbox 1495 3004 1526 3035; x_wconf 82' lang='lat' dir='ltr'>p.</span> <span class='ocrx_word' id='word_1_506' title='bbox 1552 3002 1628 3032; x_wconf 77' lang='lat'>350.</span> 
     </span>
    </p>

    <p class='ocr_par' dir='ltr' id='par_1_14' title="bbox 388 3026 1452 3078">
     <span class='ocr_line' id='line_1_49' title="bbox 388 3026 1452 3078; baseline 0.001 -11"><span class='ocrx_word' id='word_1_507' title='bbox 388 3036 407 3067; x_wconf 81' lang='lat'>1&gt;</span> <span class='ocrx_word' id='word_1_508' title='bbox 435 3039 576 3066; x_wconf 74' lang='lat' dir='ltr'>ymons</span> <span class='ocrx_word' id='word_1_509' title='bbox 602 3026 824 3074; x_wconf 52' lang='lat' dir='ltr'>puiseoatch.</span> <span class='ocrx_word' id='word_1_510' title='bbox 1277 3035 1340 3078; x_wconf 82' lang='lat' dir='ltr'>(f)</span> <span class='ocrx_word' id='word_1_511' title='bbox 1369 3035 1452 3068; x_wconf 62' lang='lat' dir='ltr'>und.</span> 
     </span>
    </p>
   </div>
   <div class='ocr_carea' id='block_1_10' title="bbox 205 3061 1604 3127">
    <p class='ocr_par' dir='ltr' id='par_1_15' title="bbox 205 3061 1604 3127">
     <span class='ocr_line' id='line_1_50' title="bbox 205 3061 1604 3127; baseline 0.023 -30"><span class='ocrx_word' id='word_1_512' title='bbox 205 3061 261 3108; x_wconf 78' lang='lat' dir='ltr'>(z)</span> <span class='ocrx_word' id='word_1_513' title='bbox 286 3067 328 3100; x_wconf 71' lang='lat' dir='ltr'>ln</span> <span class='ocrx_word' id='word_1_514' title='bbox 351 3065 586 3118; x_wconf 74' lang='lat' dir='ltr'>haematologia</span> <span class='ocrx_word' id='word_1_515' title='bbox 603 3097 613 3106; x_wconf 83' lang='lat'><em>.</em></span> <span class='ocrx_word' id='word_1_516' title='bbox 1276 3083 1340 3126; x_wconf 65' lang='lat' dir='ltr'>(S)</span> <span class='ocrx_word' id='word_1_517' title='bbox 1366 3082 1463 3126; x_wconf 65' lang='lat' dir='ltr'>EffaY</span> <span class='ocrx_word' id='word_1_518' title='bbox 1487 3086 1604 3127; x_wconf 72' lang='lat' dir='ltr'>P·13⁶·</span> 
     </span>
    </p>
   </div>
  </div>
 </body>
</html>
