2534 3586
328 193 412 246 184
654 189 775 234 LIB.
813 187 883 232 VI.
913 185 1076 229 SECT.
1109 183 1169 227 Η.
1197 179 1546 247 SANGUINIS
1573 183 1693 235 PER
1723 185 2052 237 ARTERIAS

327 248 402 291 hic
434 244 504 290 Cl.
535 247 630 303 Rye
659 252 752 302 (g),
779 246 822 289 &
852 241 1015 303 Thoma?
1044 239 1291 282 Schwenke
1322 239 1391 293 (h)
1422 242 1506 285 viri
1540 240 1607 286 Ill.
1639 244 1682 287 8<
1714 258 1811 288 mea
1841 247 2161 298 experimenta.

387 303 468 346 Sed
499 304 631 348 etjam
662 306 862 357 Bzssmus
890 294 1105 359 Robfnson
1136 295 1188 340 de
1219 294 1417 351 pulsuum
1448 299 1498 341 ad
1531 298 1820 354 gustationem
1851 300 1983 357 usque
2013 302 2189 348 raritate
2219 307 2394 354 consen-

338 360 395 404 tit
428 358 512 414 (i),
543 360 589 405 in
619 359 713 402 aliis
743 373 766 398 a
796 353 919 396 nobis
950 352 1172 406 diversus,
1200 353 1244 398 8<
1274 354 1459 397 Senarus
1486 356 1577 409 (k).

394 417 606 461 Paulatim
639 409 866 466 vigilanti,
899 408 1097 464 pulsuum
1129 424 1332 455 numerus
1364 411 1544 468 mestit,
1576 425 1624 459 ut
1656 413 1731 459 sub
1761 414 1900 460 noffls
1935 415 2111 463 initium
2142 422 2401 465 numerofio-

335 490 402 521 res
432 474 513 517 {int
543 470 624 522 (l),
654 467 696 510 8(
727 466 828 511 οᾶὶο
860 467 931 509 vel
960 467 1109 530 decem
1131 467 1189 531 ‚in
1221 468 1395 532 minuto
1428 470 1575 525 primo
1607 473 1748 528 pulsus
1780 474 1832 517 ad
1863 472 2038 518 censum
2070 474 2269 530 pulsuum
2284 477 2397 521 diur-

334 544 491 576 norum
521 524 755 568 addantur.
789 522 907 568 Nam
939 523 1141 581 vigilanti
1175 526 1347 570 homini
1381 527 1498 572 cibus
1519 560 1532 582 ‚
1562 528 1605 572 ὃ(
1637 529 1931 582 musculorum
1963 542 2109 576 motus
2144 566 2157 585 ‚
2188 531 2230 576 8<
2260 534 2402 578 animi

334 585 517 631 studium
547 591 620 626 aut
649 579 820 625 affefius
850 579 991 645 pulsus
1023 593 1182 639 augent
1202 617 1214 638 ,
1246 597 1338 639 quae
1371 585 1520 630 omnia
1551 600 1574 629 a
1604 586 1852 632 dormiente
1898 589 2079 633 homine
2109 588 2258 635 absunt
2283 625 2297 646 ,
2328 591 2399 636 cui

330 641 452 687 unice
482 654 506 682 a
536 639 666 683 corde
697 649 815 683 totus
846 638 1059 696 sanguinis
1091 640 1137 684 in
1166 640 1378 687 circulum
1410 654 1554 687 motus
1587 645 1770 700 pendet.

389 697 460 741 Ex
489 697 568 740 hac
599 695 834 753 vespertini
866 696 1006 753 pulsus
1039 697 1281 754 frequentia
1311 698 1393 754 (μ)
1425 700 1688 759 intelligitur
1715 735 1728 756 ,
1758 715 1891 758 quare
1935 702 1981 746 in
2024 705 2227 750 omnibus
2272 704 2402 750 febri-

328 756 405 800 bus
438 753 687 808 continuis,
717 754 845 799 lentis
878 754 1053 811 perinde
1085 756 1126 801 8<
1156 756 1323 813 acutis,
1355 756 1427 802 sub
1458 758 1630 803 nofilem
1682 759 1859 817 gravior
1899 761 2044 805 redeat
2087 762 2358 808 exacerbatio
2385 792 2400 817 ‚

329 825 377 859 ut
409 812 596 857 omnino
625 811 700 856 vix
729 825 919 868 unquam
950 813 995 856 in
1027 812 1223 870 Europa,
1254 815 1389 859 etiam
1420 830 1493 870 per
1534 816 1710 861 biduum
1760 816 1887 861 febris
1928 819 2071 874 aliqua
2114 835 2215 865 vere
2257 820 2401 865 conti-

327 876 466 917 nuum
497 870 558 913 ita
589 880 743 926 typum
776 869 942 924 servet,
974 880 1020 916 ut
1051 884 1102 912 ne
1136 872 1360 916 matutinis
1409 873 1722 919 remiffionibus
1749 907 1761 927 ,
1805 873 1847 917 δι
1891 875 2189 922 incalescentia
2231 877 2399 934 vesper-

327 927 423 973 tina
453 927 769 983 interpoletur.
802 926 977 983 Nempe
1009 926 1150 981 pulsus
1182 929 1554 991 centumrzfebrem
1585 932 1750 978 faciunt
1779 932 2047 978 mediocrem
2078 967 2092 987 ‚
2123 935 2164 978 8<
2197 934 2398 979 tolerabi-

335 987 448 1031 lem:
480 984 511 1029 fi
542 999 650 1028 vero
679 984 732 1028 ad
760 998 860 1028 eum
894 998 1123 1029 numerum
1153 985 1302 1029 decem
1334 986 1407 1030 alii
1439 987 1686 1032 accesserint
1715 1022 1729 1043 ,
1760 988 1832 1043 qui
1866 990 2000 1035 etiam
2044 990 2145 1036 sano
2177 992 2222 1036 in
2253 991 2400 1035 homi-

333 1058 388 1089 ne
422 1057 498 1099 per
528 1041 727 1100 vigiliam
761 1041 1021 1095 nascuntur,
1054 1053 1178 1086 erunt
1211 1057 1323 1086 nunc
1361 1058 1439 1088 110
1470 1043 1640 1101 pulsus,
1672 1047 1714 1091 8<
1745 1044 1952 1090 intensior
1997 1047 2125 1093 febris
2158 1085 2163 1089 .
2215 1049 2258 1093 Si
2291 1063 2399 1093 vero

330 1103 383 1146 ad
415 1115 593 1157 gravem
630 1115 709 1144 120
739 1097 939 1155 pulsuum
970 1100 1134 1144 febrem
1162 1100 1313 1145 decem
1343 1102 1451 1147 alios
1498 1103 1707 1148 addideris
1732 1135 1746 1157 ‚
1791 1103 2089 1159 gravissimum
2134 1118 2250 1151 certe
2282 1121 2400 1150 rnor-

329 1159 436 1208 bum
467 1157 623 1221 facies,
654 1171 756 1221 nam
786 1171 886 1200 cum
924 1173 1001 1215 130
1030 1156 1211 1213 pulsibus
1244 1159 1372 1205 febris
1401 1160 1640 1206 acutiffima
1669 1161 1753 1206 erit
1776 1189 1795 1214 ,
1833 1159 1877 1204 δε
1919 1160 1966 1204 ni
2007 1162 2204 1208 remittat
2232 1198 2246 1219 ‚
2288 1177 2398 1222 aegre

327 1217 508 1261 tolerari
540 1225 729 1271 poterit.

391 1273 455 1317 Ut
487 1272 650 1329 vigiliae
681 1271 881 1335 pulsuum
911 1287 1140 1320 numerum
1171 1287 1355 1334 augent,
1386 1276 1447 1321 ita
1477 1275 1638 1322 minuit
1668 1275 1845 1321 somnus
1875 1304 1888 1327 ,
1931 1276 2036 1321 dum
2082 1278 2269 1323 calorem
2295 1312 2309 1333 ,
2355 1278 2402 1323 ὃς

320 1329 529 1388 pulsuum
561 1330 667 1373 adeo
710 1331 899 1384 aliquam
930 1332 1288 1379 accelerationem
1321 1350 1344 1379 a
1375 1333 1516 1379 somni
1566 1334 1757 1379 efficacia
1803 1333 2064 1390 separaveris
2089 1367 2103 1388 ,
2147 1348 2239 1391 quae
2284 1346 2403 1381 certe

321 1402 420 1433 non
450 1386 625 1439 somni,
654 1385 723 1429 sed
755 1387 937 1432 vestium
967 1389 1011 1432 δ(
1043 1392 1290 1447 plumarum
1321 1392 1445 1449 super
1473 1393 1624 1443 diurna
1655 1393 1902 1436 velamenta
1945 1390 2196 1448 injectarum
2228 1393 2399 1437 effecius

330 1445 390 1489 est
409 1478 422 1499 ,
455 1458 554 1488 cum
586 1440 738 1489 iisdem
770 1444 886 1488 enim
920 1446 1105 1492 vestibus
1136 1449 1388 1506 dormiens,
1419 1464 1512 1505 quae
1537 1449 1748 1508 'vigilanti
1782 1448 2047 1494 sufficiebant
2077 1483 2091 1505 ,
2121 1463 2243 1495 certo
2275 1451 2404 1508 frige-

332 1503 429 1549 bit:
463 1512 534 1545 aut
563 1503 744 1546 demum
775 1503 1072 1558 profundioris
1102 1504 1145 1548 8(
1178 1506 1364 1553 morbofi
1397 1506 1537 1552 somni
1570 1506 1741 1564 pulsum
1782 1505 2012 1551 excluseris
2044 1540 2057 1561 ,
2099 1508 2176 1562 qui
2206 1524 2304 1552 cum
2339 1523 2403 1552 ca-

329 1561 461 1616 lore,
494 1557 560 1602 sed
611 1560 816 1605 morboso
860 1562 1139 1619 conjungitur
1188 1562 1335 1617 (l**).
1381 1564 1500 1622 Ergo
1543 1564 1801 1609 dormitanti
1843 1563 1983 1619 pulsus
2026 1565 2191 1614 tardior
2229 1564 2400 1616 (l**''‘).

329 1616 524 1662 Homini
557 1614 658 1661 sano
687 1618 836 1661 decem
870 1619 1009 1673 pulsus
1041 1621 1087 1665 in
1119 1619 1275 1664 somno
1303 1622 1509 1666 decedere
1554 1622 1863 1677 Hambergerus
1909 1623 1989 1675 (m)
2032 1622 2179 1667 auctor
2220 1622 2278 1666 est
2302 1653 2317 1681 ³
2359 1621 2403 1666 8<

329 1675 378 1721 in
410 1673 647 1728 morboso,
679 1675 969 1731 diuturnoque
1001 1677 1157 1723 somno
1203 1677 1344 1735 pulsus
1390 1680 1440 1723 ad
1489 1678 1707 1736 sexaginta
1753 1678 1970 1724 redierunt
1999 1711 2013 1733 ,
2062 1680 2323 1735 demumque
2355 1679 2402 1724 in

331 1744 547 1834 montano
577 1746 725 1787 mure,
756 1732 932 1789 aliisque
962 1733 1005 1780 se
1036 1735 1083 1780 in
1112 1735 1387 1781 hibernacula
1417 1736 1667 1784 abdentibus
1698 1734 1985 1793 animalibus,
2016 1737 2156 1793 pulsus
2187 1737 2274 1783 fere
2306 1750 2402 1780 eva-

325 1804 381 1835 ne
404 1790 463 1834 cit
494 1793 584 1845 (n).

388 1848 522 1892 Cibus
553 1847 751 1903 pulsuum
783 1864 1013 1897 numerum
1043 1863 1168 1911 auget
1187 1886 1201 1909 ‚
1233 1852 1369 1898 etiam
1400 1852 1584 1912 gustatio
1609 1883 1622 1905 ‚
1652 1852 1720 1898 sed
1763 1852 1991 1909 prandium
2034 1851 2172 1907 magis
2209 1882 2223 1904 ‚
2267 1849 2402 1893 etiam

333 1906 384 1951 ad
418 1916 502 1950 tres
535 1917 776 1961 quatuorve
807 1909 932 1953 horas
964 1914 1052 1964 (0).
1085 1915 1386 1968 Augmentum
1419 1930 1459 1967 4.
1498 1926 1533 1968 5.
1575 1911 1774 1968 pulsuum
1825 1910 1986 1965 reperit
2022 1912 2209 1969 Ioannes
2250 1906 2405 1963 quyer

329 1964 451 2019 (Ρ),
482 1962 525 2006 ὅ(
556 1963 739 2020 denique
777 1981 824 2022 13
858 1967 904 2010 in
934 1967 1082 2024 primo
1114 1970 1231 2014 horae
1263 1969 1437 2013 minuto
1468 1970 1531 2022 (q)
1564 2001 1574 2010 .
1606 1969 1676 2010 Cl.
1706 1964 1959 2010 Scbvvenke
2001 1963 2118 2007 idem
2159 1977 2401 2025 incremen-

330 2031 428 2065 tum
460 2023 509 2065 ad
544 2025 566 2064 8
597 2022 640 2066 ὃς
678 2039 728 2078 14
756 2023 935 2068 aestimat
967 2026 1050 2076 (r).
1083 2025 1205 2071 Mihi
1239 2024 1338 2069 sano
1370 2039 1459 2068 non
1489 2026 1593 2066 adeo
1625 2023 1781 2078 grande
1811 2054 1823 2075 ‚
1854 2020 1924 2065 sed
1956 2019 2274 2084 convalescenti
2312 2051 2326 2071 ,
2354 2020 2400 2082 ᾃ

331 2078 464 2122 debili
494 2079 644 2123 decem
674 2091 745 2124 aut
786 2098 831 2124 12
865 2081 1060 2136 pulsuum
1093 2082 1270 2126 acceffio
1301 2082 1408 2124 fuit.
1443 2080 1550 2122 Haec
1581 2079 1710 2123 febris
1741 2094 1764 2121 a
1796 2077 1978 2134 prandio
1992 2076 2402 2139 Gerardzv.5vvie3-

333 2147 402 2178 ten
435 2138 515 2189 (s).
549 2137 628 2179 Sed
661 2137 793 2180 etiam
826 2152 1008 2192 nuperus
1040 2138 1254 2194 scriptor,
1286 2152 1378 2181 non
1405 2137 1674 2191 frequentem
1723 2136 1847 2180 unice
1879 2150 1903 2179 a
1930 2134 2050 2190 pasto
2093 2131 2264 2188 pulsum
2304 2131 2403 2180 fieri

334 2193 485 2238 audior
515 2193 597 2236 fuit
617 2225 630 2247 ,
662 2208 815 2237 verum
845 2195 1067 2239 duriorem
1100 2195 1233 2239 etiam
1262 2193 1305 2236 &
1336 2193 1625 2251 angustiorem
1658 2193 1736 2244 (t).
1840 2246 1850 2254 ,

395 2250 540 2293 facile
571 2249 863 2307 intelligitur,
894 2253 1034 2307 majus
1065 2252 1387 2295 incrementum
1421 2251 1540 2303 fore,
1572 2250 1601 2294 si
1632 2249 1718 2293 cibi
1751 2261 1878 2311 copia
1921 2247 2063 2303 major
2093 2245 2273 2291 assumta
2316 2245 2404 2292 fue-

338 2306 396 2351 rit
427 2307 523 2356 (a),
557 2307 724 2350 Deinde
756 2323 778 2349 a
808 2320 917 2363 potu
948 2310 1240 2362 fermentato,
1273 2308 1392 2351 inter
1421 2306 1652 2364 prandium
1696 2304 1879 2351 admiffo
1908 2338 1920 2359 ,
1962 2303 2161 2366 pulsuum
2197 2310 2249 2348 16
2278 2303 2321 2348 8<
2354 2321 2407 2349 20

335 2363 620 2410 accessionem
650 2362 857 2422 Floyerus
889 2364 998 2409 vidit
1030 2365 1117 2420 (x).

2289 2417 2404 2474 Jeju-

341 2536 2409 2556 fi——b-—mmmss———n——W——m—e-d—ffi--n

379 2603 438 2649 (g)
464 2611 503 2640 L.
521 2617 552 2640 c.
1453 2604 1525 2650 (m)
1557 2604 1745 2647 rhyfiolog.
1769 2614 1802 2648 p.
1824 2606 1901 2637 686.
2291 2646 2298 2653 .

385 2650 441 2694 (h)
466 2656 504 2686 L.
527 2663 557 2685 c.
593 2662 625 2694 p.
650 2661 705 2690 41.
741 2655 821 2685 Non
856 2650 939 2685 adeo
976 2658 1152 2684 numerum
1191 2650 1346 2694 pulsuum
1450 2651 1507 2692 (n)
1537 2655 1575 2685 In
1602 2650 1709 2694 berigt
1735 2660 1798 2683 van
1832 2650 1872 2683 de
1898 2647 2150 2690 stolvvycksche
2174 2646 2408 2699 slaapzieltte.

336 2696 422 2731 adeo
447 2699 609 2739 exiguum
635 2696 791 2740 reperio,
815 2708 852 2729 ac
881 2696 1017 2739 quidem
1044 2697 1097 2729 vir
1121 2696 1173 2730 cl.
1198 2698 1255 2741 qui
1287 2708 1344 2730 ex·
1450 2694 1509 2740 (o)
1536 2699 1651 2739 Floyer
1676 2708 1707 2739 p.
1734 2698 1787 2735 84.
1822 2699 1927 2729 senae
1952 2703 1978 2730 t.
2003 2706 2035 2728 2.
2069 2704 2101 2738 p·
2134 2702 2207 2733 115-
2243 2691 2410 2733 Robmson

338 2742 538 2787 pergiscenti
568 2752 605 2784 55
635 2744 664 2775 3(
694 2748 735 2775 60
763 2742 870 2783 pulsus
897 2750 1065 2775 numerat.
1406 2745 1500 2784 Efl'ay
1527 2753 1561 2786 p.
1588 2752 1664 2781 149.

383 2786 434 2826 (i)
458 2792 540 2821 L.c‚
557 2798 579 2831 p
608 2799 677 2827 ¹49-
702 2787 766 2821 Sed
791 2787 890 2820 valde
916 2797 1007 2821 raros
1030 2796 1129 2820 mane
1153 2784 1235 2820 facit
1258 2786 1346 2819 Idem
1450 2788 1511 2830 (p)
1539 2787 1764 2826 Pulsewatch.
1792 2798 1822 2830 p.
1836 2789 1891 2827 83.

340 2834 378 2866 of
399 2832 475 2866 foed
501 2835 565 2866 and
594 2832 783 2875 discharges
806 2837 885 2875 p.6.
1454 2834 1512 2876 (q)
1541 2832 1625 2865 lbid.
1653 2844 1682 2876 p.
1710 2837 1779 2872 156.

384 2877 443 2921 (k)
468 2882 567 2912 T.11.
585 2890 604 2920 p
635 2888 710 2918 2¹5·
1455 2878 1507 2919 (r)
1534 2881 1568 2910 Ρ.
1594 2889 1650 2917 40.

388 2921 438 2960 U)
460 2924 643 2957 Schwenke
668 2934 698 2963 p.
730 2927 782 2963 96.
1455 2926 1505 2964 (s)
1531 2927 1721 2956 Comment.
1748 2925 1791 2955 T.
1818 2922 1843 2952 1.
1874 2929 1906 2962 p.
1933 2921 2013 2952 680.

391 2966 462 3006 (μ’)
489 2969 577 3000 Οὲῑο
602 2969 715 3010 pulsus
748 2968 829 3003 hora
866 2978 907 3003 10
933 2969 963 3002 8:
993 2978 1030 3004 ¹1
1070 2965 1180 3005 noctis
1218 2965 1350 3002 noviter
1455 2968 1508 3010 (t)
1538 2966 1739 3001 Recherches
1764 2965 1815 2997 snt·
1843 2965 1871 2998 le
1898 2966 1992 3006 pouls
2021 2974 2146 3008 2453.

344 3010 500 3046 accedere
529 3013 724 3048 Schwenke.
1454 3014 1517 3054 (u)
1547 3012 1713 3050 Robinson
1739 3018 1807 3044 t.2.
1830 3019 1955 3053 p.41y.

390 3053 475 3096 (μ’)
507 3058 637 3087 Tralles
661 3058 701 3090 de
727 3059 806 3103 opio
833 3071 863 3103 p,
892 3070 968 3101 ²30·
1454 3062 1515 3100 (x)
1541 3061 1575 3090 P.
1603 3059 1659 3097 83.

390 3098 499 3143 (PW'J
526 3099 622 3132 Idem
646 3101 725 3134 ibid.
