<?xml version="1.0" encoding="UTF-8"?>
<!DOCTYPE html PUBLIC "-//W3C//DTD XHTML 1.0 Transitional//EN"
    "http://www.w3.org/TR/xhtml1/DTD/xhtml1-transitional.dtd">
<html xmlns="http://www.w3.org/1999/xhtml" xml:lang="en" lang="en">
 <head>
  <title>
</title>
<meta http-equiv="Content-Type" content="text/html;charset=utf-8" />
  <meta name='ocr-system' content='tesseract 3.04.00' />
  <meta name='ocr-capabilities' content='ocr_page ocr_carea ocr_par ocr_line ocrx_word'/>
</head>
<body>
  <div class='ocr_page' id='page_1' title='image "./elementaphysiolo177602hall_0244.png"; bbox 0 0 2534 3586; ppageno 0'>
   <div class='ocr_carea' id='block_1_1' title="bbox 356 199 2438 1005">
    <p class='ocr_par' dir='ltr' id='par_1_1' title="bbox 358 199 2055 267">
     <span class='ocr_line' id='line_1_1' title="bbox 358 199 2055 267; baseline -0.004 -11"><span class='ocrx_word' id='word_1_1' title='bbox 358 219 441 267; x_wconf 75' lang='lat'>236</span> <span class='ocrx_word' id='word_1_2' title='bbox 754 212 872 256; x_wconf 84' lang='lat' dir='ltr'><em>LIB.</em></span> <span class='ocrx_word' id='word_1_3' title='bbox 910 208 980 250; x_wconf 86' lang='lat' dir='ltr'>VI.</span> <span class='ocrx_word' id='word_1_4' title='bbox 1011 202 1177 248; x_wconf 75' lang='lat' dir='ltr'><em>SECT.</em></span> <span class='ocrx_word' id='word_1_5' title='bbox 1210 201 1283 246; x_wconf 76' lang='lat' dir='ltr'>IV.</span> <span class='ocrx_word' id='word_1_6' title='bbox 1314 199 1661 246; x_wconf 69' lang='lat' dir='ltr'>SANGUINIS</span> <span class='ocrx_word' id='word_1_7' title='bbox 1692 199 1809 245; x_wconf 80' lang='lat' dir='ltr'>PER</span> <span class='ocrx_word' id='word_1_8' title='bbox 1841 201 2055 249; x_wconf 77' lang='lat' dir='ltr'><strong>VENAS</strong></span> 
     </span>
    </p>

    <p class='ocr_par' dir='ltr' id='par_1_2' title="bbox 357 256 2438 658">
     <span class='ocr_line' id='line_1_2' title="bbox 362 256 2430 323; baseline -0.005 -11"><span class='ocrx_word' id='word_1_9' title='bbox 362 270 405 312; x_wconf 71' lang='grc' dir='ltr'>ἃ</span> <span class='ocrx_word' id='word_1_10' title='bbox 441 268 618 323; x_wconf 65' lang='lat' dir='ltr'>{naulari</span> <span class='ocrx_word' id='word_1_11' title='bbox 651 268 816 313; x_wconf 86' lang='lat' dir='ltr'>interna</span> <span class='ocrx_word' id='word_1_12' title='bbox 848 264 963 308; x_wconf 84' lang='lat' dir='ltr'>canis</span> <span class='ocrx_word' id='word_1_13' title='bbox 993 272 1170 314; x_wconf 85' lang='lat' dir='ltr'>utraque</span> <span class='ocrx_word' id='word_1_14' title='bbox 1202 259 1374 321; x_wconf 58' lang='lat' dir='ltr'>ligata,</span> <span class='ocrx_word' id='word_1_15' title='bbox 1403 257 1447 320; x_wconf 70' lang='grc' dir='ltr'>ὃς</span> <span class='ocrx_word' id='word_1_16' title='bbox 1477 257 1636 320; x_wconf 65' lang='lat' dir='ltr'>reseffla</span> <span class='ocrx_word' id='word_1_17' title='bbox 1663 288 1675 308; x_wconf 95' lang='lat'>,</span> <span class='ocrx_word' id='word_1_18' title='bbox 1718 256 1872 311; x_wconf 84' lang='lat' dir='ltr'>absque</span> <span class='ocrx_word' id='word_1_19' title='bbox 1913 259 2006 302; x_wconf 84' lang='lat' dir='ltr'>ullo</span> <span class='ocrx_word' id='word_1_20' title='bbox 2030 260 2334 317; x_wconf 70' lang='lat' dir='ltr'>¹symptonr·13te</span> <span class='ocrx_word' id='word_1_21' title='bbox 2365 281 2430 312; x_wconf 62' lang='lat' dir='ltr'>ea.</span> 
     </span>
     <span class='ocr_line' id='line_1_3' title="bbox 357 312 2432 379; baseline 0.002 -16"><span class='ocrx_word' id='word_1_22' title='bbox 357 325 455 379; x_wconf 78' lang='lat' dir='ltr'>nis,</span> <span class='ocrx_word' id='word_1_23' title='bbox 484 314 529 371; x_wconf 61' lang='lat' dir='ltr'>B&lt;</span> <span class='ocrx_word' id='word_1_24' title='bbox 561 326 605 370; x_wconf 76' lang='lat' dir='ltr'>jn</span> <span class='ocrx_word' id='word_1_25' title='bbox 639 324 798 368; x_wconf 75' lang='lat' dir='ltr'>vetusto</span> <span class='ocrx_word' id='word_1_26' title='bbox 830 318 1043 379; x_wconf 39' lang='lat' dir='ltr'>exemplo·</span> <span class='ocrx_word' id='word_1_27' title='bbox 1065 317 1155 370; x_wconf 72' lang='lat' dir='ltr'>(g)</span> <span class='ocrx_word' id='word_1_28' title='bbox 1185 315 1472 378; x_wconf 77' lang='lat' dir='ltr'>supervixerit</span> <span class='ocrx_word' id='word_1_29' title='bbox 1497 348 1510 369; x_wconf 86' lang='lat'>‚</span> <span class='ocrx_word' id='word_1_30' title='bbox 1543 313 1585 356; x_wconf 73' lang='lat'>8&lt;</span> <span class='ocrx_word' id='word_1_31' title='bbox 1616 328 1662 357; x_wconf 86' lang='lat' dir='ltr'>m</span> <span class='ocrx_word' id='word_1_32' title='bbox 1689 312 1838 376; x_wconf 79' lang='lat' dir='ltr'>nostro</span> <span class='ocrx_word' id='word_1_33' title='bbox 1869 314 1985 367; x_wconf 80' lang='lat' dir='ltr'><em>(h).</em></span> <span class='ocrx_word' id='word_1_34' title='bbox 2014 314 2141 359; x_wconf 84' lang='lat' dir='ltr'>Hinc</span> <span class='ocrx_word' id='word_1_35' title='bbox 2172 320 2301 365; x_wconf 88' lang='lat' dir='ltr'>etiam</span> <span class='ocrx_word' id='word_1_36' title='bbox 2332 323 2383 367; x_wconf 85' lang='lat' dir='ltr'>fit</span> <span class='ocrx_word' id='word_1_37' title='bbox 2417 355 2432 377; x_wconf 80' lang='lat'>,</span> 
     </span>
     <span class='ocr_line' id='line_1_4' title="bbox 358 370 2433 437; baseline 0 -15"><span class='ocrx_word' id='word_1_38' title='bbox 358 392 407 426; x_wconf 81' lang='lat' dir='ltr'>ut</span> <span class='ocrx_word' id='word_1_39' title='bbox 440 382 588 437; x_wconf 76' lang='lat' dir='ltr'>paffim</span> <span class='ocrx_word' id='word_1_40' title='bbox 632 394 738 422; x_wconf 84' lang='lat' dir='ltr'>vena</span> <span class='ocrx_word' id='word_1_41' title='bbox 783 376 912 431; x_wconf 81' lang='lat' dir='ltr'>ligata</span> <span class='ocrx_word' id='word_1_42' title='bbox 942 407 956 427; x_wconf 90' lang='lat'>,</span> <span class='ocrx_word' id='word_1_43' title='bbox 1001 374 1227 416; x_wconf 82' lang='lat' dir='ltr'>vinculum</span> <span class='ocrx_word' id='word_1_44' title='bbox 1268 381 1383 434; x_wconf 80' lang='lat' dir='ltr'>inter</span> <span class='ocrx_word' id='word_1_45' title='bbox 1414 374 1492 424; x_wconf 71' lang='grc' dir='ltr'>(ι)</span> <span class='ocrx_word' id='word_1_46' title='bbox 1522 370 1564 413; x_wconf 88' lang='lat'>&amp;</span> <span class='ocrx_word' id='word_1_47' title='bbox 1611 371 1819 415; x_wconf 80' lang='lat' dir='ltr'>radiculas</span> <span class='ocrx_word' id='word_1_48' title='bbox 1867 370 1955 416; x_wconf 88' lang='lat' dir='ltr'>suas</span> <span class='ocrx_word' id='word_1_49' title='bbox 1987 404 2001 425; x_wconf 95' lang='lat'>,</span> <span class='ocrx_word' id='word_1_50' title='bbox 2031 372 2217 417; x_wconf 90' lang='lat' dir='ltr'>minime</span> <span class='ocrx_word' id='word_1_51' title='bbox 2248 375 2433 422; x_wconf 89' lang='lat' dir='ltr'>intume-</span> 
     </span>
     <span class='ocr_line' id='line_1_5' title="bbox 363 429 2436 492; baseline -0.003 -9"><span class='ocrx_word' id='word_1_52' title='bbox 363 437 453 483; x_wconf 80' lang='lat' dir='ltr'>scat</span> <span class='ocrx_word' id='word_1_53' title='bbox 473 472 485 492; x_wconf 86' lang='lat'>,</span> <span class='ocrx_word' id='word_1_54' title='bbox 518 450 653 490; x_wconf 87' lang='lat' dir='ltr'>neque</span> <span class='ocrx_word' id='word_1_55' title='bbox 685 448 762 476; x_wconf 87' lang='lat' dir='ltr'>cor</span> <span class='ocrx_word' id='word_1_56' title='bbox 791 432 907 475; x_wconf 89' lang='lat' dir='ltr'>inter</span> <span class='ocrx_word' id='word_1_57' title='bbox 937 431 978 475; x_wconf 75' lang='lat'>8&lt;</span> <span class='ocrx_word' id='word_1_58' title='bbox 1012 429 1150 473; x_wconf 89' lang='lat' dir='ltr'>linum</span> <span class='ocrx_word' id='word_1_59' title='bbox 1198 429 1418 473; x_wconf 85' lang='lat' dir='ltr'>inaniatur</span> <span class='ocrx_word' id='word_1_60' title='bbox 1441 460 1454 481; x_wconf 93' lang='lat'>,</span> <span class='ocrx_word' id='word_1_61' title='bbox 1498 429 1611 484; x_wconf 91' lang='lat' dir='ltr'>quod</span> <span class='ocrx_word' id='word_1_62' title='bbox 1660 440 1736 484; x_wconf 87' lang='lat' dir='ltr'>per</span> <span class='ocrx_word' id='word_1_63' title='bbox 1780 429 2154 473; x_wconf 80' lang='lat' dir='ltr'>communicantes</span> <span class='ocrx_word' id='word_1_64' title='bbox 2187 444 2316 475; x_wconf 89' lang='lat' dir='ltr'>venas</span> <span class='ocrx_word' id='word_1_65' title='bbox 2348 434 2436 478; x_wconf 89' lang='lat' dir='ltr'>san-</span> 
     </span>
     <span class='ocr_line' id='line_1_6' title="bbox 360 484 2438 552; baseline -0.002 -15"><span class='ocrx_word' id='word_1_66' title='bbox 360 495 456 552; x_wconf 73' lang='lat' dir='ltr'>guis</span> <span class='ocrx_word' id='word_1_67' title='bbox 488 494 572 535; x_wconf 88' lang='lat' dir='ltr'>alio</span> <span class='ocrx_word' id='word_1_68' title='bbox 603 491 761 533; x_wconf 87' lang='lat' dir='ltr'>feratur</span> <span class='ocrx_word' id='word_1_69' title='bbox 790 522 798 528; x_wconf 94' lang='lat'><em>.</em></span> <span class='ocrx_word' id='word_1_70' title='bbox 847 489 951 532; x_wconf 87' lang='lat' dir='ltr'>Inde</span> <span class='ocrx_word' id='word_1_71' title='bbox 982 485 1034 530; x_wconf 89' lang='lat' dir='ltr'>fit</span> <span class='ocrx_word' id='word_1_72' title='bbox 1067 487 1200 530; x_wconf 87' lang='lat' dir='ltr'>etiam</span> <span class='ocrx_word' id='word_1_73' title='bbox 1225 518 1239 540; x_wconf 90' lang='lat'>,</span> <span class='ocrx_word' id='word_1_74' title='bbox 1285 496 1331 529; x_wconf 91' lang='lat' dir='ltr'>ut</span> <span class='ocrx_word' id='word_1_75' title='bbox 1375 495 1473 529; x_wconf 89' lang='lat' dir='ltr'>cute</span> <span class='ocrx_word' id='word_1_76' title='bbox 1518 484 1769 542; x_wconf 80' lang='lat' dir='ltr'>refrigerata</span> <span class='ocrx_word' id='word_1_77' title='bbox 1811 484 1977 543; x_wconf 85' lang='lat' dir='ltr'>sanguis</span> <span class='ocrx_word' id='word_1_78' title='bbox 2021 486 2227 531; x_wconf 82' lang='lat' dir='ltr'>facillime</span> <span class='ocrx_word' id='word_1_79' title='bbox 2259 487 2304 531; x_wconf 88' lang='lat' dir='ltr'>in</span> <span class='ocrx_word' id='word_1_80' title='bbox 2336 488 2438 533; x_wconf 82' lang='lat' dir='ltr'>vasa</span> 
     </span>
     <span class='ocr_line' id='line_1_7' title="bbox 362 542 2437 606; baseline -0.001 -12"><span class='ocrx_word' id='word_1_81' title='bbox 362 549 572 606; x_wconf 84' lang='lat' dir='ltr'>profunda</span> <span class='ocrx_word' id='word_1_82' title='bbox 603 544 643 588; x_wconf 91' lang='lat' dir='ltr'>se</span> <span class='ocrx_word' id='word_1_83' title='bbox 675 545 855 602; x_wconf 85' lang='lat' dir='ltr'>recipiat</span> <span class='ocrx_word' id='word_1_84' title='bbox 880 578 893 598; x_wconf 93' lang='lat'>,</span> <span class='ocrx_word' id='word_1_85' title='bbox 937 543 1261 601; x_wconf 80' lang='lat' dir='ltr'>periculumque</span> <span class='ocrx_word' id='word_1_86' title='bbox 1306 542 1476 586; x_wconf 78' lang='lat' dir='ltr'>devitet</span> <span class='ocrx_word' id='word_1_87' title='bbox 1521 542 1834 599; x_wconf 74' lang='lat' dir='ltr'>coagulationis</span> <span class='ocrx_word' id='word_1_88' title='bbox 1867 576 1881 598; x_wconf 93' lang='lat'>,</span> <span class='ocrx_word' id='word_1_89' title='bbox 1924 543 1967 587; x_wconf 76' lang='grc' dir='ltr'>ὃ(</span> <span class='ocrx_word' id='word_1_90' title='bbox 1997 555 2092 600; x_wconf 82' lang='lat' dir='ltr'>quae</span> <span class='ocrx_word' id='word_1_91' title='bbox 2122 543 2204 588; x_wconf 84' lang='lat' dir='ltr'>alia</span> <span class='ocrx_word' id='word_1_92' title='bbox 2235 560 2289 590; x_wconf 90' lang='lat' dir='ltr'>ex</span> <span class='ocrx_word' id='word_1_93' title='bbox 2319 545 2437 591; x_wconf 84' lang='lat' dir='ltr'>facili</span> 
     </span>
     <span class='ocr_line' id='line_1_8' title="bbox 359 599 1632 658; baseline -0.003 -11"><span class='ocrx_word' id='word_1_94' title='bbox 359 608 442 651; x_wconf 77' lang='lat' dir='ltr'>‚hac</span> <span class='ocrx_word' id='word_1_95' title='bbox 473 601 687 658; x_wconf 80' lang='lat' dir='ltr'>sanguinis</span> <span class='ocrx_word' id='word_1_96' title='bbox 718 602 762 646; x_wconf 92' lang='lat' dir='ltr'>in</span> <span class='ocrx_word' id='word_1_97' title='bbox 795 617 929 646; x_wconf 80' lang='lat' dir='ltr'>novas</span> <span class='ocrx_word' id='word_1_98' title='bbox 961 600 1051 645; x_wconf 86' lang='lat' dir='ltr'>vias</span> <span class='ocrx_word' id='word_1_99' title='bbox 1085 599 1342 645; x_wconf 81' lang='lat' dir='ltr'>avocatione</span> <span class='ocrx_word' id='word_1_100' title='bbox 1374 599 1632 655; x_wconf 88' lang='lat' dir='ltr'>sequuntur.</span> 
     </span>
    </p>

    <p class='ocr_par' dir='ltr' id='par_1_3' title="bbox 356 655 2436 1005">
     <span class='ocr_line' id='line_1_9' title="bbox 415 655 2435 714; baseline 0 -12"><span class='ocrx_word' id='word_1_101' title='bbox 415 658 637 703; x_wconf 66' lang='lat' dir='ltr'>Hastenus</span> <span class='ocrx_word' id='word_1_102' title='bbox 684 670 831 704; x_wconf 86' lang='lat' dir='ltr'>tamen</span> <span class='ocrx_word' id='word_1_103' title='bbox 879 657 1079 704; x_wconf 87' lang='lat' dir='ltr'>circuitui</span> <span class='ocrx_word' id='word_1_104' title='bbox 1126 657 1338 714; x_wconf 75' lang='lat' dir='ltr'>sanguinis</span> <span class='ocrx_word' id='word_1_105' title='bbox 1370 690 1383 711; x_wconf 93' lang='lat'>,</span> <span class='ocrx_word' id='word_1_106' title='bbox 1423 658 1465 701; x_wconf 75' lang='lat'>8&lt;</span> <span class='ocrx_word' id='word_1_107' title='bbox 1509 656 1735 701; x_wconf 82' lang='lat' dir='ltr'>velocitati</span> <span class='ocrx_word' id='word_1_108' title='bbox 1780 655 1924 701; x_wconf 75' lang='lat' dir='ltr'>venosi</span> <span class='ocrx_word' id='word_1_109' title='bbox 1956 657 2120 703; x_wconf 85' lang='lat' dir='ltr'>cruoris</span> <span class='ocrx_word' id='word_1_110' title='bbox 2150 657 2435 703; x_wconf 85' lang='lat' dir='ltr'>anastomoses</span> 
     </span>
     <span class='ocr_line' id='line_1_10' title="bbox 357 713 2436 773; baseline -0 -12"><span class='ocrx_word' id='word_1_111' title='bbox 357 715 513 761; x_wconf 88' lang='lat' dir='ltr'>obsunt</span> <span class='ocrx_word' id='word_1_112' title='bbox 547 714 646 769; x_wconf 78' lang='lat' dir='ltr'>(k)</span> <span class='ocrx_word' id='word_1_113' title='bbox 673 750 686 771; x_wconf 94' lang='lat'>,</span> <span class='ocrx_word' id='word_1_114' title='bbox 735 718 849 773; x_wconf 88' lang='lat' dir='ltr'>quod</span> <span class='ocrx_word' id='word_1_115' title='bbox 884 714 1099 762; x_wconf 83' lang='lat' dir='ltr'>contraria</span> <span class='ocrx_word' id='word_1_116' title='bbox 1130 714 1342 772; x_wconf 80' lang='lat' dir='ltr'>sanguinis</span> <span class='ocrx_word' id='word_1_117' title='bbox 1375 716 1532 759; x_wconf 86' lang='lat' dir='ltr'>fluenta</span> <span class='ocrx_word' id='word_1_118' title='bbox 1575 714 1647 758; x_wconf 81' lang='lat' dir='ltr'>fibi</span> <span class='ocrx_word' id='word_1_119' title='bbox 1680 714 1877 758; x_wconf 72' lang='lat' dir='ltr'>obsistant</span> <span class='ocrx_word' id='word_1_120' title='bbox 1897 748 1910 769; x_wconf 94' lang='lat'>,</span> <span class='ocrx_word' id='word_1_121' title='bbox 1939 713 1982 758; x_wconf 71' lang='grc' dir='ltr'>ὃ(</span> <span class='ocrx_word' id='word_1_122' title='bbox 2014 714 2054 758; x_wconf 89' lang='lat' dir='ltr'>se</span> <span class='ocrx_word' id='word_1_123' title='bbox 2086 727 2339 770; x_wconf 87' lang='lat' dir='ltr'>morentur,</span> <span class='ocrx_word' id='word_1_124' title='bbox 2371 716 2436 764; x_wconf 83' lang='lat' dir='ltr'>vi-</span> 
     </span>
     <span class='ocr_line' id='line_1_11' title="bbox 357 771 2435 829; baseline -0.001 -11"><span class='ocrx_word' id='word_1_125' title='bbox 357 773 582 829; x_wconf 83' lang='lat' dir='ltr'>ciffimque</span> <span class='ocrx_word' id='word_1_126' title='bbox 615 773 730 819; x_wconf 83' lang='lat' dir='ltr'>suam</span> <span class='ocrx_word' id='word_1_127' title='bbox 762 774 834 819; x_wconf 84' lang='lat' dir='ltr'>fibi</span> <span class='ocrx_word' id='word_1_128' title='bbox 867 774 1136 819; x_wconf 83' lang='lat' dir='ltr'>celeritatem</span> <span class='ocrx_word' id='word_1_129' title='bbox 1169 771 1382 816; x_wconf 86' lang='lat' dir='ltr'>destruant</span> <span class='ocrx_word' id='word_1_130' title='bbox 1415 771 1498 826; x_wconf 90' lang='lat' dir='ltr'>(l)</span> <span class='ocrx_word' id='word_1_131' title='bbox 1531 801 1543 822; x_wconf 87' lang='lat'>,</span> <span class='ocrx_word' id='word_1_132' title='bbox 1583 771 1713 827; x_wconf 89' lang='lat' dir='ltr'>usque</span> <span class='ocrx_word' id='word_1_133' title='bbox 1755 773 1860 818; x_wconf 88' lang='lat' dir='ltr'>dum</span> <span class='ocrx_word' id='word_1_134' title='bbox 1893 783 2060 817; x_wconf 91' lang='lat' dir='ltr'>torrens</span> <span class='ocrx_word' id='word_1_135' title='bbox 2090 774 2199 816; x_wconf 86' lang='lat' dir='ltr'>alter</span> <span class='ocrx_word' id='word_1_136' title='bbox 2225 805 2240 827; x_wconf 93' lang='lat'>,</span> <span class='ocrx_word' id='word_1_137' title='bbox 2271 772 2435 829; x_wconf 89' lang='lat' dir='ltr'>supera-</span> 
     </span>
     <span class='ocr_line' id='line_1_12' title="bbox 356 828 2436 885; baseline -0.001 -10"><span class='ocrx_word' id='word_1_138' title='bbox 356 842 408 875; x_wconf 87' lang='lat' dir='ltr'>to</span> <span class='ocrx_word' id='word_1_139' title='bbox 439 833 576 874; x_wconf 88' lang='lat' dir='ltr'>altero</span> <span class='ocrx_word' id='word_1_140' title='bbox 609 830 720 876; x_wconf 89' lang='lat' dir='ltr'>solus</span> <span class='ocrx_word' id='word_1_141' title='bbox 752 832 945 877; x_wconf 84' lang='lat' dir='ltr'>obtineat</span> <span class='ocrx_word' id='word_1_142' title='bbox 977 833 1119 883; x_wconf 79' lang='lat' dir='ltr'>(m).</span> <span class='ocrx_word' id='word_1_143' title='bbox 1152 829 1296 874; x_wconf 86' lang='lat' dir='ltr'>Potest</span> <span class='ocrx_word' id='word_1_144' title='bbox 1326 841 1472 873; x_wconf 88' lang='lat' dir='ltr'>autem</span> <span class='ocrx_word' id='word_1_145' title='bbox 1516 829 1780 885; x_wconf 85' lang='lat' dir='ltr'>aliquamdiu</span> <span class='ocrx_word' id='word_1_146' title='bbox 1828 829 1993 885; x_wconf 77' lang='lat' dir='ltr'>sanguis</span> <span class='ocrx_word' id='word_1_147' title='bbox 2043 828 2186 875; x_wconf 86' lang='lat' dir='ltr'>librari</span> <span class='ocrx_word' id='word_1_148' title='bbox 2219 830 2308 883; x_wconf 81' lang='lat' dir='ltr'>(n)</span> <span class='ocrx_word' id='word_1_149' title='bbox 2335 863 2348 883; x_wconf 96' lang='lat'>,</span> <span class='ocrx_word' id='word_1_150' title='bbox 2391 829 2436 873; x_wconf 75' lang='lat'>8&lt;</span> 
     </span>
     <span class='ocr_line' id='line_1_13' title="bbox 358 886 2436 943; baseline -0.002 -10"><span class='ocrx_word' id='word_1_151' title='bbox 358 887 631 933; x_wconf 84' lang='lat' dir='ltr'>oscillatione</span> <span class='ocrx_word' id='word_1_152' title='bbox 663 891 827 933; x_wconf 85' lang='lat' dir='ltr'>alterna</span> <span class='ocrx_word' id='word_1_153' title='bbox 859 890 920 933; x_wconf 90' lang='lat' dir='ltr'>ita</span> <span class='ocrx_word' id='word_1_154' title='bbox 952 887 1124 932; x_wconf 86' lang='lat' dir='ltr'>moveri</span> <span class='ocrx_word' id='word_1_155' title='bbox 1156 919 1168 939; x_wconf 93' lang='lat'>,</span> <span class='ocrx_word' id='word_1_156' title='bbox 1214 898 1261 930; x_wconf 90' lang='lat' dir='ltr'>ut</span> <span class='ocrx_word' id='word_1_157' title='bbox 1294 886 1405 929; x_wconf 84' lang='lat' dir='ltr'>nihil</span> <span class='ocrx_word' id='word_1_158' title='bbox 1453 899 1796 941; x_wconf 84' lang='lat' dir='ltr'>promoveatur.</span> <span class='ocrx_word' id='word_1_159' title='bbox 1836 887 1993 931; x_wconf 76' lang='lat' dir='ltr'>lisdem</span> <span class='ocrx_word' id='word_1_160' title='bbox 2026 886 2308 943; x_wconf 83' lang='lat' dir='ltr'>proculdubio</span> <span class='ocrx_word' id='word_1_161' title='bbox 2339 901 2436 929; x_wconf 85' lang='lat' dir='ltr'>ana-</span> 
     </span>
     <span class='ocr_line' id='line_1_14' title="bbox 358 941 2435 1005; baseline -0.002 -15"><span class='ocrx_word' id='word_1_162' title='bbox 358 945 611 991; x_wconf 83' lang='lat' dir='ltr'>stomofibus</span> <span class='ocrx_word' id='word_1_163' title='bbox 642 948 756 1001; x_wconf 85' lang='lat' dir='ltr'>(o),</span> <span class='ocrx_word' id='word_1_164' title='bbox 790 947 890 989; x_wconf 84' lang='lat' dir='ltr'>licet</span> <span class='ocrx_word' id='word_1_165' title='bbox 923 959 1011 988; x_wconf 88' lang='lat' dir='ltr'>non</span> <span class='ocrx_word' id='word_1_166' title='bbox 1043 943 1144 987; x_wconf 87' lang='lat' dir='ltr'>solis</span> <span class='ocrx_word' id='word_1_167' title='bbox 1164 975 1177 996; x_wconf 92' lang='lat'>,</span> <span class='ocrx_word' id='word_1_168' title='bbox 1207 941 1420 1005; x_wconf 75' lang='lat' dir='ltr'>sanguinis</span> <span class='ocrx_word' id='word_1_169' title='bbox 1453 942 1597 985; x_wconf 80' lang='lat' dir='ltr'>venoli</span> <span class='ocrx_word' id='word_1_170' title='bbox 1628 943 1673 986; x_wconf 89' lang='lat' dir='ltr'>in</span> <span class='ocrx_word' id='word_1_171' title='bbox 1705 955 1831 988; x_wconf 89' lang='lat' dir='ltr'>motu</span> <span class='ocrx_word' id='word_1_172' title='bbox 1861 944 1972 989; x_wconf 85' lang='lat' dir='ltr'>mira</span> <span class='ocrx_word' id='word_1_173' title='bbox 2001 943 2284 990; x_wconf 85' lang='lat' dir='ltr'>inconstantia</span> <span class='ocrx_word' id='word_1_174' title='bbox 2313 944 2435 988; x_wconf 83' lang='lat' dir='ltr'>debe-</span> 
     </span>
    </p>
   </div>
   <div class='ocr_carea' id='block_1_2' title="bbox 363 1001 2034 1174">
    <p class='ocr_par' dir='ltr' id='par_1_4' title="bbox 363 1001 2034 1174">
     <span class='ocr_line' id='line_1_15' title="bbox 363 1001 1574 1061; baseline -0.006 -12"><span class='ocrx_word' id='word_1_175' title='bbox 363 1015 464 1060; x_wconf 85' lang='lat' dir='ltr'>tur,</span> <span class='ocrx_word' id='word_1_176' title='bbox 496 1018 587 1061; x_wconf 83' lang='lat' dir='ltr'>quae</span> <span class='ocrx_word' id='word_1_177' title='bbox 619 1003 770 1060; x_wconf 87' lang='lat' dir='ltr'>utique</span> <span class='ocrx_word' id='word_1_178' title='bbox 803 1003 991 1048; x_wconf 89' lang='lat' dir='ltr'>reditum</span> <span class='ocrx_word' id='word_1_179' title='bbox 1024 1001 1070 1045; x_wconf 89' lang='lat' dir='ltr'>in</span> <span class='ocrx_word' id='word_1_180' title='bbox 1101 1015 1177 1045; x_wconf 88' lang='lat' dir='ltr'>cor</span> <span class='ocrx_word' id='word_1_181' title='bbox 1206 1014 1318 1043; x_wconf 85' lang='lat' dir='ltr'>mire</span> <span class='ocrx_word' id='word_1_182' title='bbox 1348 1010 1574 1043; x_wconf 89' lang='lat' dir='ltr'>moratur·</span> 
     </span>
     <span class='ocr_line' id='line_1_16' title="bbox 762 1112 2034 1174; baseline -0.003 -13"><span class='ocrx_word' id='word_1_183' title='bbox 762 1118 801 1172; x_wconf 58' lang='grc' dir='ltr'>ᾗ.</span> <span class='ocrx_word' id='word_1_184' title='bbox 832 1116 964 1162; x_wconf 77' lang='lat' dir='ltr'><strong>XIII.</strong></span> <span class='ocrx_word' id='word_1_185' title='bbox 995 1118 1102 1174; x_wconf 72' lang='lat' dir='ltr'>Qae</span> <span class='ocrx_word' id='word_1_186' title='bbox 1135 1113 1265 1172; x_wconf 50' lang='grc' dir='ltr'>σῖτα-[ιε</span> <span class='ocrx_word' id='word_1_187' title='bbox 1286 1112 1538 1171; x_wconf 67' lang='lat' dir='ltr'>sanguinem</span> <span class='ocrx_word' id='word_1_188' title='bbox 1567 1112 1759 1170; x_wconf 75' lang='lat' dir='ltr'>venosum</span> <span class='ocrx_word' id='word_1_189' title='bbox 1793 1113 2034 1162; x_wconf 79' lang='lat' dir='ltr'>retardent.</span> 
     </span>
    </p>
   </div>
   <div class='ocr_carea' id='block_1_3' title="bbox 1307 1227 1495 1274">
    <p class='ocr_par' dir='ltr' id='par_1_5' title="bbox 1307 1227 1495 1274">
     <span class='ocr_line' id='line_1_17' title="bbox 1307 1227 1495 1274; baseline 0.005 -1"><span class='ocrx_word' id='word_1_190' title='bbox 1307 1227 1471 1274; x_wconf 58' lang='lat' dir='ltr'>Frisiio</span> <span class='ocrx_word' id='word_1_191' title='bbox 1484 1261 1495 1274; x_wconf 64' lang='lat'>0</span> 
     </span>
    </p>
   </div>
   <div class='ocr_carea' id='block_1_4' title="bbox 347 1343 2438 2038">
    <p class='ocr_par' dir='ltr' id='par_1_6' title="bbox 355 1343 2435 1519">
     <span class='ocr_line' id='line_1_18' title="bbox 417 1343 2435 1406; baseline 0 -13"><span class='ocrx_word' id='word_1_192' title='bbox 417 1348 587 1393; x_wconf 82' lang='lat' dir='ltr'>Harum</span> <span class='ocrx_word' id='word_1_193' title='bbox 622 1346 836 1393; x_wconf 84' lang='lat' dir='ltr'>causarum</span> <span class='ocrx_word' id='word_1_194' title='bbox 870 1349 1021 1404; x_wconf 66' lang='lat' dir='ltr'>aliquae</span> <span class='ocrx_word' id='word_1_195' title='bbox 1054 1363 1076 1391; x_wconf 93' lang='lat' dir='ltr'>a</span> <span class='ocrx_word' id='word_1_196' title='bbox 1107 1343 1229 1391; x_wconf 83' lang='lat' dir='ltr'>venis</span> <span class='ocrx_word' id='word_1_197' title='bbox 1262 1346 1410 1391; x_wconf 86' lang='lat' dir='ltr'>absunt</span> <span class='ocrx_word' id='word_1_198' title='bbox 1443 1379 1455 1400; x_wconf 91' lang='lat'>,</span> <span class='ocrx_word' id='word_1_199' title='bbox 1502 1346 1672 1391; x_wconf 85' lang='lat' dir='ltr'>arteriis</span> <span class='ocrx_word' id='word_1_200' title='bbox 1703 1346 1790 1391; x_wconf 87' lang='lat' dir='ltr'>fere</span> <span class='ocrx_word' id='word_1_201' title='bbox 1822 1345 2031 1404; x_wconf 77' lang='lat' dir='ltr'>propriae.</span> <span class='ocrx_word' id='word_1_202' title='bbox 2067 1348 2166 1392; x_wconf 83' lang='lat' dir='ltr'>Huc</span> <span class='ocrx_word' id='word_1_203' title='bbox 2197 1348 2328 1406; x_wconf 81' lang='lat' dir='ltr'>plicas</span> <span class='ocrx_word' id='word_1_204' title='bbox 2359 1363 2435 1393; x_wconf 58' lang='lat' dir='ltr'>nuo</span> 
     </span>
     <span class='ocr_line' id='line_1_19' title="bbox 355 1403 2433 1463; baseline -0.002 -11"><span class='ocrx_word' id='word_1_205' title='bbox 355 1410 509 1459; x_wconf 74' lang='lat' dir='ltr'>mero,</span> <span class='ocrx_word' id='word_1_206' title='bbox 545 1420 635 1460; x_wconf 72' lang='lat' dir='ltr'>quae</span> <span class='ocrx_word' id='word_1_207' title='bbox 669 1407 811 1449; x_wconf 86' lang='lat' dir='ltr'>multo</span> <span class='ocrx_word' id='word_1_208' title='bbox 844 1407 889 1449; x_wconf 81' lang='lat' dir='ltr'>in</span> <span class='ocrx_word' id='word_1_209' title='bbox 919 1405 1069 1457; x_wconf 83' lang='lat' dir='ltr'>venis,</span> <span class='ocrx_word' id='word_1_210' title='bbox 1101 1418 1229 1459; x_wconf 80' lang='lat' dir='ltr'>quam</span> <span class='ocrx_word' id='word_1_211' title='bbox 1264 1404 1308 1447; x_wconf 79' lang='lat' dir='ltr'>in</span> <span class='ocrx_word' id='word_1_212' title='bbox 1340 1403 1508 1447; x_wconf 81' lang='lat' dir='ltr'>arteriis</span> <span class='ocrx_word' id='word_1_213' title='bbox 1540 1404 1902 1460; x_wconf 81' lang='lat' dir='ltr'>infrequentiores</span> <span class='ocrx_word' id='word_1_214' title='bbox 1936 1405 2064 1461; x_wconf 89' lang='lat' dir='ltr'>sunt,</span> <span class='ocrx_word' id='word_1_215' title='bbox 2095 1405 2229 1451; x_wconf 88' lang='lat' dir='ltr'>etiam</span> <span class='ocrx_word' id='word_1_216' title='bbox 2260 1407 2433 1463; x_wconf 82' lang='lat' dir='ltr'>quando</span> 
     </span>
     <span class='ocr_line' id='line_1_20' title="bbox 357 1461 2232 1519; baseline -0.001 -11"><span class='ocrx_word' id='word_1_217' title='bbox 357 1480 381 1508; x_wconf 86' lang='lat' dir='ltr'>a</span> <span class='ocrx_word' id='word_1_218' title='bbox 413 1462 670 1519; x_wconf 68' lang='lat' dir='ltr'>prosecicris</span> <span class='ocrx_word' id='word_1_219' title='bbox 705 1478 834 1507; x_wconf 88' lang='lat' dir='ltr'>manu</span> <span class='ocrx_word' id='word_1_220' title='bbox 867 1461 965 1506; x_wconf 86' lang='lat' dir='ltr'>sebo</span> <span class='ocrx_word' id='word_1_221' title='bbox 997 1461 1119 1518; x_wconf 86' lang='lat' dir='ltr'>supra</span> <span class='ocrx_word' id='word_1_222' title='bbox 1152 1463 1392 1504; x_wconf 79' lang='lat' dir='ltr'>naturalem</span> <span class='ocrx_word' id='word_1_223' title='bbox 1426 1462 1784 1506; x_wconf 85' lang='lat' dir='ltr'>mediocritatem</span> <span class='ocrx_word' id='word_1_224' title='bbox 1815 1463 2004 1507; x_wconf 79' lang='lat' dir='ltr'>distentae</span> <span class='ocrx_word' id='word_1_225' title='bbox 2036 1465 2232 1508; x_wconf 83' lang='lat' dir='ltr'>fuerunt.</span> 
     </span>
    </p>

    <p class='ocr_par' dir='ltr' id='par_1_7' title="bbox 347 1518 2438 2038">
     <span class='ocr_line' id='line_1_21' title="bbox 413 1518 2438 1578; baseline -0 -15"><span class='ocrx_word' id='word_1_226' title='bbox 413 1520 576 1564; x_wconf 66' lang='lat' dir='ltr'>Friciio</span> <span class='ocrx_word' id='word_1_227' title='bbox 609 1520 738 1563; x_wconf 79' lang='lat' dir='ltr'>etiam</span> <span class='ocrx_word' id='word_1_228' title='bbox 775 1520 920 1565; x_wconf 87' lang='lat' dir='ltr'>minor</span> <span class='ocrx_word' id='word_1_229' title='bbox 951 1519 1008 1563; x_wconf 83' lang='lat' dir='ltr'>est</span> <span class='ocrx_word' id='word_1_230' title='bbox 1041 1552 1054 1573; x_wconf 85' lang='lat'>‚</span> <span class='ocrx_word' id='word_1_231' title='bbox 1101 1530 1196 1563; x_wconf 85' lang='lat' dir='ltr'>tum</span> <span class='ocrx_word' id='word_1_232' title='bbox 1228 1521 1349 1573; x_wconf 55' lang='lat' dir='ltr'>quod&gt;</span> <span class='ocrx_word' id='word_1_233' title='bbox 1389 1518 1608 1563; x_wconf 87' lang='lat' dir='ltr'>celeritate</span> <span class='ocrx_word' id='word_1_234' title='bbox 1655 1519 1826 1563; x_wconf 88' lang='lat' dir='ltr'>minore</span> <span class='ocrx_word' id='word_1_235' title='bbox 1869 1520 2034 1578; x_wconf 83' lang='lat' dir='ltr'>sanguis</span> <span class='ocrx_word' id='word_1_236' title='bbox 2064 1520 2245 1565; x_wconf 83' lang='lat' dir='ltr'>venosus</span> <span class='ocrx_word' id='word_1_237' title='bbox 2277 1520 2438 1565; x_wconf 78' lang='lat' dir='ltr'>feratur</span> 
     </span>
     <span class='ocr_line' id='line_1_22' title="bbox 356 1575 2434 1634; baseline -0 -13"><span class='ocrx_word' id='word_1_238' title='bbox 356 1579 473 1634; x_wconf 80' lang='lat' dir='ltr'>(p),</span> <span class='ocrx_word' id='word_1_239' title='bbox 507 1589 599 1621; x_wconf 85' lang='lat' dir='ltr'>tum</span> <span class='ocrx_word' id='word_1_240' title='bbox 633 1578 747 1633; x_wconf 87' lang='lat' dir='ltr'>quod</span> <span class='ocrx_word' id='word_1_241' title='bbox 780 1577 1015 1633; x_wconf 83' lang='lat' dir='ltr'>ampliores</span> <span class='ocrx_word' id='word_1_242' title='bbox 1049 1591 1129 1632; x_wconf 91' lang='lat' dir='ltr'>pro</span> <span class='ocrx_word' id='word_1_243' title='bbox 1161 1575 1375 1632; x_wconf 79' lang='lat' dir='ltr'>sanguinis</span> <span class='ocrx_word' id='word_1_244' title='bbox 1408 1575 1611 1631; x_wconf 84' lang='lat' dir='ltr'>portione</span> <span class='ocrx_word' id='word_1_245' title='bbox 1642 1577 1750 1631; x_wconf 82' lang='lat' dir='ltr'>fint,</span> <span class='ocrx_word' id='word_1_246' title='bbox 1781 1590 1911 1632; x_wconf 86' lang='lat' dir='ltr'>quam</span> <span class='ocrx_word' id='word_1_247' title='bbox 1941 1578 2106 1623; x_wconf 81' lang='lat' dir='ltr'>arteriae</span> <span class='ocrx_word' id='word_1_248' title='bbox 2125 1612 2138 1633; x_wconf 88' lang='lat'>,</span> <span class='ocrx_word' id='word_1_249' title='bbox 2169 1590 2297 1633; x_wconf 86' lang='lat' dir='ltr'>atque</span> <span class='ocrx_word' id='word_1_250' title='bbox 2325 1576 2434 1620; x_wconf 87' lang='lat' dir='ltr'>adeo</span> 
     </span>
     <span class='ocr_line' id='line_1_23' title="bbox 352 1634 2436 1691; baseline -0.001 -12"><span class='ocrx_word' id='word_1_251' title='bbox 352 1636 497 1680; x_wconf 84' lang='lat' dir='ltr'>multo</span> <span class='ocrx_word' id='word_1_252' title='bbox 528 1637 669 1691; x_wconf 68' lang='lat' dir='ltr'>pfures</span> <span class='ocrx_word' id='word_1_253' title='bbox 702 1635 865 1691; x_wconf 81' lang='lat' dir='ltr'>globuli</span> <span class='ocrx_word' id='word_1_254' title='bbox 897 1635 1091 1679; x_wconf 89' lang='lat' dir='ltr'>medium</span> <span class='ocrx_word' id='word_1_255' title='bbox 1124 1648 1201 1690; x_wconf 84' lang='lat' dir='ltr'>per</span> <span class='ocrx_word' id='word_1_256' title='bbox 1232 1634 1379 1678; x_wconf 89' lang='lat' dir='ltr'>lumen</span> <span class='ocrx_word' id='word_1_257' title='bbox 1409 1634 1640 1687; x_wconf 83' lang='lat' dir='ltr'>incedant,</span> <span class='ocrx_word' id='word_1_258' title='bbox 1672 1634 1893 1689; x_wconf 84' lang='lat' dir='ltr'>pauciores</span> <span class='ocrx_word' id='word_1_259' title='bbox 1925 1636 2109 1691; x_wconf 82' lang='lat' dir='ltr'>parietes</span> <span class='ocrx_word' id='word_1_260' title='bbox 2141 1636 2287 1679; x_wconf 85' lang='lat' dir='ltr'>radant</span> <span class='ocrx_word' id='word_1_261' title='bbox 2319 1635 2436 1687; x_wconf 82' lang='lat' dir='ltr'><em>(q).</em></span> 
     </span>
     <span class='ocr_line' id='line_1_24' title="bbox 352 1689 2436 1749; baseline 0 -15"><span class='ocrx_word' id='word_1_262' title='bbox 352 1691 500 1748; x_wconf 70' lang='lat' dir='ltr'>anue</span> <span class='ocrx_word' id='word_1_263' title='bbox 545 1692 784 1736; x_wconf 84' lang='lat' dir='ltr'>differentia</span> <span class='ocrx_word' id='word_1_264' title='bbox 832 1707 920 1737; x_wconf 90' lang='lat' dir='ltr'>non</span> <span class='ocrx_word' id='word_1_265' title='bbox 962 1692 1114 1749; x_wconf 72' lang='lat' dir='ltr'>exigua</span> <span class='ocrx_word' id='word_1_266' title='bbox 1158 1691 1215 1735; x_wconf 90' lang='lat' dir='ltr'>est</span> <span class='ocrx_word' id='word_1_267' title='bbox 1247 1724 1259 1745; x_wconf 84' lang='lat'>,</span> <span class='ocrx_word' id='word_1_268' title='bbox 1291 1706 1391 1736; x_wconf 90' lang='lat' dir='ltr'>cum</span> <span class='ocrx_word' id='word_1_269' title='bbox 1436 1705 1552 1735; x_wconf 82' lang='lat' dir='ltr'>venae</span> <span class='ocrx_word' id='word_1_270' title='bbox 1584 1689 1795 1738; x_wconf 75' lang='lat' dir='ltr'>sodalibus</span> <span class='ocrx_word' id='word_1_271' title='bbox 1839 1691 2006 1736; x_wconf 84' lang='lat' dir='ltr'>arteriis</span> <span class='ocrx_word' id='word_1_272' title='bbox 2048 1693 2141 1748; x_wconf 91' lang='lat' dir='ltr'>plus</span> <span class='ocrx_word' id='word_1_273' title='bbox 2184 1692 2317 1747; x_wconf 85' lang='lat' dir='ltr'>duplo</span> <span class='ocrx_word' id='word_1_274' title='bbox 2347 1705 2436 1735; x_wconf 84' lang='lat' dir='ltr'>am-</span> 
     </span>
     <span class='ocr_line' id='line_1_25' title="bbox 350 1748 2436 1809; baseline -0 -16"><span class='ocrx_word' id='word_1_275' title='bbox 350 1750 512 1805; x_wconf 86' lang='lat' dir='ltr'>pliores</span> <span class='ocrx_word' id='word_1_276' title='bbox 544 1748 624 1793; x_wconf 83' lang='lat' dir='ltr'>effe</span> <span class='ocrx_word' id='word_1_277' title='bbox 656 1749 818 1794; x_wconf 85' lang='lat' dir='ltr'>soleant</span> <span class='ocrx_word' id='word_1_278' title='bbox 851 1753 867 1801; x_wconf 92' lang='lat'>(</span> <span class='ocrx_word' id='word_1_279' title='bbox 901 1767 922 1793; x_wconf 84' lang='grc' dir='ltr'><em>ν</em></span> <span class='ocrx_word' id='word_1_280' title='bbox 953 1754 969 1804; x_wconf 91' lang='grc'>)</span> <span class='ocrx_word' id='word_1_281' title='bbox 999 1783 1010 1794; x_wconf 92' lang='grc'><strong>.</strong></span> <span class='ocrx_word' id='word_1_282' title='bbox 1054 1750 1204 1793; x_wconf 63' lang='lat' dir='ltr'>Solent</span> <span class='ocrx_word' id='word_1_283' title='bbox 1248 1748 1397 1793; x_wconf 80' lang='lat' dir='ltr'>etiarn</span> <span class='ocrx_word' id='word_1_284' title='bbox 1423 1763 1503 1805; x_wconf 88' lang='lat' dir='ltr'>pro</span> <span class='ocrx_word' id='word_1_285' title='bbox 1545 1749 1673 1792; x_wconf 84' lang='lat' dir='ltr'>caufis</span> <span class='ocrx_word' id='word_1_286' title='bbox 1717 1748 1899 1793; x_wconf 89' lang='lat' dir='ltr'>minoris</span> <span class='ocrx_word' id='word_1_287' title='bbox 1939 1749 2151 1794; x_wconf 66' lang='lat' dir='ltr'>frifflonis</span> <span class='ocrx_word' id='word_1_288' title='bbox 2183 1750 2388 1793; x_wconf 81' lang='lat' dir='ltr'>adducere</span> <span class='ocrx_word' id='word_1_289' title='bbox 2418 1780 2436 1809; x_wconf 59' lang='lat'><em>2</em></span> 
     </span>
     <span class='ocr_line' id='line_1_26' title="bbox 349 1805 2432 1865; baseline -0.002 -15"><span class='ocrx_word' id='word_1_290' title='bbox 349 1808 445 1850; x_wconf 75' lang='lat' dir='ltr'>t&#39;um</span> <span class='ocrx_word' id='word_1_291' title='bbox 477 1809 592 1863; x_wconf 88' lang='lat' dir='ltr'>quod</span> <span class='ocrx_word' id='word_1_292' title='bbox 625 1807 789 1865; x_wconf 76' lang='lat' dir='ltr'>sanguis</span> <span class='ocrx_word' id='word_1_293' title='bbox 822 1806 1001 1852; x_wconf 89' lang='lat' dir='ltr'>venosus</span> <span class='ocrx_word' id='word_1_294' title='bbox 1044 1807 1284 1863; x_wconf 68' lang='lat' dir='ltr'>praecedens</span> <span class='ocrx_word' id='word_1_295' title='bbox 1327 1805 1575 1863; x_wconf 79' lang='lat' dir='ltr'>fanguinem</span> <span class='ocrx_word' id='word_1_296' title='bbox 1607 1805 1857 1861; x_wconf 83' lang='lat' dir='ltr'>sequentem</span> <span class='ocrx_word' id='word_1_297' title='bbox 1897 1822 1985 1851; x_wconf 91' lang='lat' dir='ltr'>non</span> <span class='ocrx_word' id='word_1_298' title='bbox 2028 1819 2249 1858; x_wconf 86' lang='lat' dir='ltr'>moretur,</span> <span class='ocrx_word' id='word_1_299' title='bbox 2281 1817 2326 1848; x_wconf 83' lang='lat' dir='ltr'>ut</span> <span class='ocrx_word' id='word_1_300' title='bbox 2356 1817 2432 1864; x_wconf 79' lang='lat' dir='ltr'>qui</span> 
     </span>
     <span class='ocr_line' id='line_1_27' title="bbox 349 1860 2433 1921; baseline -0.002 -13"><span class='ocrx_word' id='word_1_301' title='bbox 349 1865 527 1919; x_wconf 74' lang='lat' dir='ltr'>celerius</span> <span class='ocrx_word' id='word_1_302' title='bbox 560 1864 760 1921; x_wconf 83' lang='lat' dir='ltr'>sequente</span> <span class='ocrx_word' id='word_1_303' title='bbox 792 1865 951 1911; x_wconf 82' lang='lat' dir='ltr'>seratur</span> <span class='ocrx_word' id='word_1_304' title='bbox 982 1869 999 1919; x_wconf 88' lang='lat'>(</span> <span class='ocrx_word' id='word_1_305' title='bbox 1029 1880 1049 1921; x_wconf 73' lang='lat' dir='ltr'>s</span> <span class='ocrx_word' id='word_1_306' title='bbox 1080 1865 1098 1916; x_wconf 86' lang='lat'>)</span> <span class='ocrx_word' id='word_1_307' title='bbox 1129 1882 1138 1908; x_wconf 89' lang='lat'>:</span> <span class='ocrx_word' id='word_1_308' title='bbox 1185 1876 1280 1908; x_wconf 90' lang='lat' dir='ltr'>tum</span> <span class='ocrx_word' id='word_1_309' title='bbox 1313 1866 1428 1920; x_wconf 84' lang='lat' dir='ltr'>quod</span> <span class='ocrx_word' id='word_1_310' title='bbox 1461 1878 1571 1907; x_wconf 85' lang='lat' dir='ltr'>vena</span> <span class='ocrx_word' id='word_1_311' title='bbox 1601 1864 1802 1920; x_wconf 80' lang='lat' dir='ltr'>quaelibet</span> <span class='ocrx_word' id='word_1_312' title='bbox 1835 1877 2044 1920; x_wconf 89' lang='lat' dir='ltr'>perpetuo</span> <span class='ocrx_word' id='word_1_313' title='bbox 2075 1865 2214 1907; x_wconf 86' lang='lat' dir='ltr'>eundo</span> <span class='ocrx_word' id='word_1_314' title='bbox 2244 1860 2433 1914; x_wconf 83' lang='lat' dir='ltr'>amplior</span> 
     </span>
     <span class='ocr_line' id='line_1_28' title="bbox 347 1914 2435 1979; baseline -0.003 -14"><span class='ocrx_word' id='word_1_315' title='bbox 347 1923 548 1967; x_wconf 80' lang='lat' dir='ltr'>reddatur</span> <span class='ocrx_word' id='word_1_316' title='bbox 576 1956 589 1978; x_wconf 65' lang='lat'>2</span> <span class='ocrx_word' id='word_1_317' title='bbox 631 1923 818 1979; x_wconf 85' lang='lat' dir='ltr'>conique</span> <span class='ocrx_word' id='word_1_318' title='bbox 850 1923 898 1967; x_wconf 90' lang='lat' dir='ltr'>s1t</span> <span class='ocrx_word' id='word_1_319' title='bbox 930 1921 1079 1967; x_wconf 84' lang='lat' dir='ltr'>fimilis</span> <span class='ocrx_word' id='word_1_320' title='bbox 1108 1956 1120 1976; x_wconf 92' lang='lat'>,</span> <span class='ocrx_word' id='word_1_321' title='bbox 1165 1923 1283 1976; x_wconf 73' lang='lat' dir='ltr'>cujus</span> <span class='ocrx_word' id='word_1_322' title='bbox 1328 1921 1426 1966; x_wconf 74' lang='lat' dir='ltr'>baiis</span> <span class='ocrx_word' id='word_1_323' title='bbox 1458 1919 1504 1965; x_wconf 88' lang='lat' dir='ltr'>in</span> <span class='ocrx_word' id='word_1_324' title='bbox 1536 1923 1663 1966; x_wconf 92' lang='lat' dir='ltr'>corde</span> <span class='ocrx_word' id='word_1_325' title='bbox 1695 1922 1781 1976; x_wconf 82' lang='lat' dir='ltr'>est,</span> <span class='ocrx_word' id='word_1_326' title='bbox 1812 1924 1921 1966; x_wconf 88' lang='lat' dir='ltr'>unde</span> <span class='ocrx_word' id='word_1_327' title='bbox 1953 1921 2109 1963; x_wconf 88' lang='lat' dir='ltr'>iterum</span> <span class='ocrx_word' id='word_1_328' title='bbox 2142 1917 2236 1962; x_wconf 83' lang='lat' dir='ltr'>fieri</span> <span class='ocrx_word' id='word_1_329' title='bbox 2268 1914 2435 1979; x_wconf 76' lang='lat' dir='ltr'>persua-</span> 
     </span>
     <span class='ocr_line' id='line_1_29' title="bbox 349 1974 2432 2038; baseline -0.003 -16"><span class='ocrx_word' id='word_1_330' title='bbox 349 1980 505 2025; x_wconf 87' lang='lat' dir='ltr'>dentur</span> <span class='ocrx_word' id='word_1_331' title='bbox 534 2013 546 2034; x_wconf 93' lang='lat'>,</span> <span class='ocrx_word' id='word_1_332' title='bbox 589 1992 637 2025; x_wconf 87' lang='lat' dir='ltr'>ut</span> <span class='ocrx_word' id='word_1_333' title='bbox 680 1981 844 2037; x_wconf 78' lang='lat' dir='ltr'>sanguis</span> <span class='ocrx_word' id='word_1_334' title='bbox 888 1979 1068 2025; x_wconf 85' lang='lat' dir='ltr'>venosus</span> <span class='ocrx_word' id='word_1_335' title='bbox 1113 1979 1324 2025; x_wconf 87' lang='lat' dir='ltr'>continuo</span> <span class='ocrx_word' id='word_1_336' title='bbox 1355 1980 1573 2024; x_wconf 82' lang='lat' dir='ltr'>minorem</span> <span class='ocrx_word' id='word_1_337' title='bbox 1604 1979 1649 2021; x_wconf 87' lang='lat' dir='ltr'>in</span> <span class='ocrx_word' id='word_1_338' title='bbox 1681 1979 1861 2031; x_wconf 84' lang='lat' dir='ltr'>parietes</span> <span class='ocrx_word' id='word_1_339' title='bbox 1904 1975 2226 2038; x_wconf 81' lang='lat' dir='ltr'>impreffionem</span> <span class='ocrx_word' id='word_1_340' title='bbox 2258 1974 2386 2017; x_wconf 79' lang='lat' dir='ltr'>faeiat</span> <span class='ocrx_word' id='word_1_341' title='bbox 2418 2004 2432 2026; x_wconf 82' lang='lat'>,</span> 
     </span>
    </p>
   </div>
   <div class='ocr_carea' id='block_1_5' title="bbox 344 2028 2440 2148">
    <p class='ocr_par' dir='ltr' id='par_1_8' title="bbox 344 2028 2440 2148">
     <span class='ocr_line' id='line_1_30' title="bbox 346 2028 2433 2095; baseline -0.005 -14"><span class='ocrx_word' id='word_1_342' title='bbox 346 2050 436 2093; x_wconf 85' lang='lat' dir='ltr'>quo</span> <span class='ocrx_word' id='word_1_343' title='bbox 480 2037 599 2082; x_wconf 87' lang='lat' dir='ltr'>cordi</span> <span class='ocrx_word' id='word_1_344' title='bbox 644 2039 825 2095; x_wconf 84' lang='lat' dir='ltr'>propior</span> <span class='ocrx_word' id='word_1_345' title='bbox 857 2038 914 2082; x_wconf 87' lang='lat' dir='ltr'>est</span> <span class='ocrx_word' id='word_1_346' title='bbox 945 2073 957 2093; x_wconf 93' lang='lat'>,</span> <span class='ocrx_word' id='word_1_347' title='bbox 1001 2051 1166 2093; x_wconf 85' lang='lat' dir='ltr'>proque</span> <span class='ocrx_word' id='word_1_348' title='bbox 1199 2038 1346 2080; x_wconf 89' lang='lat' dir='ltr'>eadem</span> <span class='ocrx_word' id='word_1_349' title='bbox 1376 2036 1582 2091; x_wconf 87' lang='lat' dir='ltr'>portione</span> <span class='ocrx_word' id='word_1_350' title='bbox 1632 2034 1771 2087; x_wconf 89' lang='lat' dir='ltr'>plures</span> <span class='ocrx_word' id='word_1_351' title='bbox 1804 2033 1967 2089; x_wconf 81' lang='lat' dir='ltr'>globuli</span> <span class='ocrx_word' id='word_1_352' title='bbox 2000 2031 2194 2075; x_wconf 78' lang='lat' dir='ltr'>moffenfi</span> <span class='ocrx_word' id='word_1_353' title='bbox 2225 2044 2299 2085; x_wconf 88' lang='lat' dir='ltr'>per</span> <span class='ocrx_word' id='word_1_354' title='bbox 2331 2028 2433 2072; x_wconf 88' lang='lat' dir='ltr'>libe·</span> 
     </span>
     <span class='ocr_line' id='line_1_31' title="bbox 344 2085 2440 2148; baseline -0.005 -10"><span class='ocrx_word' id='word_1_355' title='bbox 344 2109 445 2138; x_wconf 79' lang='lat' dir='ltr'>rum</span> <span class='ocrx_word' id='word_1_356' title='bbox 480 2096 624 2139; x_wconf 81' lang='lat' dir='ltr'>lumen</span> <span class='ocrx_word' id='word_1_357' title='bbox 657 2098 789 2140; x_wconf 80' lang='lat' dir='ltr'>fluant</span> <span class='ocrx_word' id='word_1_358' title='bbox 822 2099 929 2148; x_wconf 78' lang='lat' dir='ltr'><em>(t).</em></span> <span class='ocrx_word' id='word_1_359' title='bbox 963 2094 1065 2137; x_wconf 82' lang='lat' dir='ltr'>Inde</span> <span class='ocrx_word' id='word_1_360' title='bbox 1098 2094 1276 2136; x_wconf 87' lang='lat' dir='ltr'>credunt</span> <span class='ocrx_word' id='word_1_361' title='bbox 1306 2091 1401 2134; x_wconf 85' lang='lat' dir='ltr'>fieri</span> <span class='ocrx_word' id='word_1_362' title='bbox 1421 2123 1434 2143; x_wconf 95' lang='lat'>,</span> <span class='ocrx_word' id='word_1_363' title='bbox 1464 2100 1512 2134; x_wconf 89' lang='lat' dir='ltr'>ut</span> <span class='ocrx_word' id='word_1_364' title='bbox 1544 2089 1668 2134; x_wconf 73' lang='lat' dir='ltr'>nullae</span> <span class='ocrx_word' id='word_1_365' title='bbox 1698 2090 1744 2133; x_wconf 88' lang='lat' dir='ltr'>in</span> <span class='ocrx_word' id='word_1_366' title='bbox 1776 2089 1895 2133; x_wconf 87' lang='lat' dir='ltr'>venis</span> <span class='ocrx_word' id='word_1_367' title='bbox 1927 2087 2232 2133; x_wconf 60' lang='lat' dir='ltr'>obstrufiliones</span> <span class='ocrx_word' id='word_1_368' title='bbox 2265 2085 2440 2129; x_wconf 72' lang='lat' dir='ltr'>nascan-</span> 
     </span>
    </p>
   </div>
   <div class='ocr_carea' id='block_1_6' title="bbox 345 2146 2436 2438">
    <p class='ocr_par' dir='ltr' id='par_1_9' title="bbox 345 2146 2436 2438">
     <span class='ocr_line' id='line_1_32' title="bbox 345 2146 2165 2207; baseline -0.003 -13"><span class='ocrx_word' id='word_1_369' title='bbox 345 2161 439 2196; x_wconf 86' lang='lat' dir='ltr'>tur.</span> <span class='ocrx_word' id='word_1_370' title='bbox 473 2152 719 2207; x_wconf 84' lang='lat' dir='ltr'>Utramque</span> <span class='ocrx_word' id='word_1_371' title='bbox 750 2151 916 2196; x_wconf 82' lang='lat' dir='ltr'>causam</span> <span class='ocrx_word' id='word_1_372' title='bbox 949 2149 1130 2194; x_wconf 84' lang='lat' dir='ltr'>minoris</span> <span class='ocrx_word' id='word_1_373' title='bbox 1162 2147 1375 2192; x_wconf 68' lang='lat' dir='ltr'>frisi‘tionis</span> <span class='ocrx_word' id='word_1_374' title='bbox 1416 2146 1650 2192; x_wconf 86' lang='lat' dir='ltr'>accuratius</span> <span class='ocrx_word' id='word_1_375' title='bbox 1681 2158 1857 2202; x_wconf 84' lang='lat' dir='ltr'>oportet</span> <span class='ocrx_word' id='word_1_376' title='bbox 1890 2146 2165 2189; x_wconf 77' lang='lat' dir='ltr'>examinare.</span> 
     </span>
     <span class='ocr_line' id='line_1_33' title="bbox 405 2199 2429 2264; baseline -0.004 -12"><span class='ocrx_word' id='word_1_377' title='bbox 405 2209 668 2264; x_wconf 79' lang='lat' dir='ltr'>Sanguinem</span> <span class='ocrx_word' id='word_1_378' title='bbox 715 2207 925 2253; x_wconf 84' lang='lat' dir='ltr'>venosum</span> <span class='ocrx_word' id='word_1_379' title='bbox 964 2207 1231 2250; x_wconf 87' lang='lat' dir='ltr'>anteriorem</span> <span class='ocrx_word' id='word_1_380' title='bbox 1280 2204 1473 2261; x_wconf 88' lang='lat' dir='ltr'>sequenti</span> <span class='ocrx_word' id='word_1_381' title='bbox 1518 2202 1698 2247; x_wconf 78' lang='lat' dir='ltr'>resistere</span> <span class='ocrx_word' id='word_1_382' title='bbox 1741 2202 2017 2247; x_wconf 85' lang='lat' dir='ltr'>manifestum</span> <span class='ocrx_word' id='word_1_383' title='bbox 2062 2202 2154 2256; x_wconf 82' lang='lat' dir='ltr'>est,</span> <span class='ocrx_word' id='word_1_384' title='bbox 2185 2211 2280 2246; x_wconf 89' lang='lat' dir='ltr'>tum</span> <span class='ocrx_word' id='word_1_385' title='bbox 2313 2199 2429 2256; x_wconf 83' lang='lat' dir='ltr'>quod</span> 
     </span>
     <span class='ocr_line' id='line_1_34' title="bbox 353 2258 2436 2320; baseline -0.003 -12"><span class='ocrx_word' id='word_1_386' title='bbox 353 2265 612 2309; x_wconf 85' lang='lat' dir='ltr'>continuum</span> <span class='ocrx_word' id='word_1_387' title='bbox 656 2280 732 2320; x_wconf 87' lang='lat' dir='ltr'>per</span> <span class='ocrx_word' id='word_1_388' title='bbox 774 2280 902 2308; x_wconf 75' lang='lat' dir='ltr'>venas</span> <span class='ocrx_word' id='word_1_389' title='bbox 933 2264 1144 2307; x_wconf 79' lang='lat' dir='ltr'>fluentum</span> <span class='ocrx_word' id='word_1_390' title='bbox 1175 2262 1250 2305; x_wconf 85' lang='lat' dir='ltr'>fibi</span> <span class='ocrx_word' id='word_1_391' title='bbox 1292 2262 1570 2305; x_wconf 89' lang='lat' dir='ltr'>continuetur</span> <span class='ocrx_word' id='word_1_392' title='bbox 1602 2291 1615 2312; x_wconf 87' lang='lat'>,</span> <span class='ocrx_word' id='word_1_393' title='bbox 1657 2260 1699 2303; x_wconf 68' lang='lat'>8&lt;</span> <span class='ocrx_word' id='word_1_394' title='bbox 1730 2260 1957 2304; x_wconf 80' lang='lat' dir='ltr'>manifesto</span> <span class='ocrx_word' id='word_1_395' title='bbox 1986 2261 2284 2303; x_wconf 85' lang='lat' dir='ltr'>antecedentes</span> <span class='ocrx_word' id='word_1_396' title='bbox 2315 2258 2436 2302; x_wconf 83' lang='lat' dir='ltr'>colu·</span> 
     </span>
     <span class='ocr_line' id='line_1_35' title="bbox 349 2315 2435 2377; baseline -0.004 -10"><span class='ocrx_word' id='word_1_397' title='bbox 349 2336 464 2367; x_wconf 74' lang='lat' dir='ltr'>mnae</span> <span class='ocrx_word' id='word_1_398' title='bbox 507 2337 530 2364; x_wconf 84' lang='lat' dir='ltr'>a</span> <span class='ocrx_word' id='word_1_399' title='bbox 562 2322 832 2377; x_wconf 85' lang='lat' dir='ltr'>sequentibus</span> <span class='ocrx_word' id='word_1_400' title='bbox 864 2322 1091 2365; x_wconf 82' lang='lat' dir='ltr'>trudantur</span> <span class='ocrx_word' id='word_1_401' title='bbox 1122 2334 1131 2361; x_wconf 82' lang='lat' dir='ltr'>z</span> <span class='ocrx_word' id='word_1_402' title='bbox 1179 2330 1274 2362; x_wconf 87' lang='lat' dir='ltr'>tum</span> <span class='ocrx_word' id='word_1_403' title='bbox 1317 2320 1432 2373; x_wconf 88' lang='lat' dir='ltr'>quod</span> <span class='ocrx_word' id='word_1_404' title='bbox 1479 2319 1527 2359; x_wconf 89' lang='lat' dir='ltr'>ad</span> <span class='ocrx_word' id='word_1_405' title='bbox 1560 2315 1699 2360; x_wconf 77' lang='lat' dir='ltr'>incifae</span> <span class='ocrx_word' id='word_1_406' title='bbox 1747 2332 1864 2361; x_wconf 81' lang='lat' dir='ltr'>venae</span> <span class='ocrx_word' id='word_1_407' title='bbox 1896 2319 2048 2361; x_wconf 86' lang='lat' dir='ltr'>vulnus</span> <span class='ocrx_word' id='word_1_408' title='bbox 2080 2316 2244 2374; x_wconf 79' lang='lat' dir='ltr'>sanguis</span> <span class='ocrx_word' id='word_1_409' title='bbox 2275 2315 2435 2359; x_wconf 80' lang='lat' dir='ltr'>accele-</span> 
     </span>
     <span class='ocr_line' id='line_1_36' title="bbox 350 2374 2432 2438; baseline -0.005 -13"><span class='ocrx_word' id='word_1_410' title='bbox 350 2391 449 2425; x_wconf 76' lang='lat' dir='ltr'>rato</span> <span class='ocrx_word' id='word_1_411' title='bbox 479 2391 602 2421; x_wconf 83' lang='lat' dir='ltr'>motu</span> <span class='ocrx_word' id='word_1_412' title='bbox 636 2380 793 2423; x_wconf 77' lang='lat' dir='ltr'>seratur</span> <span class='ocrx_word' id='word_1_413' title='bbox 823 2410 836 2430; x_wconf 95' lang='lat'>,</span> <span class='ocrx_word' id='word_1_414' title='bbox 880 2378 1002 2420; x_wconf 83' lang='lat' dir='ltr'>unice</span> <span class='ocrx_word' id='word_1_415' title='bbox 1034 2375 1361 2438; x_wconf 61' lang='lat' dir='ltr'>proculdubio,</span> <span class='ocrx_word' id='word_1_416' title='bbox 1407 2375 1450 2419; x_wconf 87' lang='lat' dir='ltr'>in</span> <span class='ocrx_word' id='word_1_417' title='bbox 1482 2374 1603 2417; x_wconf 86' lang='lat' dir='ltr'>venis</span> <span class='ocrx_word' id='word_1_418' title='bbox 1636 2388 1722 2417; x_wconf 89' lang='lat' dir='ltr'>non</span> <span class='ocrx_word' id='word_1_419' title='bbox 1756 2375 2079 2420; x_wconf 69' lang='lat' dir='ltr'>contractilibus</span> <span class='ocrx_word' id='word_1_420' title='bbox 2103 2409 2115 2430; x_wconf 96' lang='lat'>,</span> <span class='ocrx_word' id='word_1_421' title='bbox 2147 2388 2253 2429; x_wconf 87' lang='lat' dir='ltr'>aque</span> <span class='ocrx_word' id='word_1_422' title='bbox 2288 2385 2432 2417; x_wconf 84' lang='lat' dir='ltr'>morte</span> 
     </span>
    </p>
   </div>
   <div class='ocr_carea' id='block_1_7' title="bbox 345 2430 2431 2544">
    <p class='ocr_par' dir='ltr' id='par_1_10' title="bbox 345 2430 2431 2544">
     <span class='ocr_line' id='line_1_37' title="bbox 345 2430 2431 2490; baseline -0.003 -12"><span class='ocrx_word' id='word_1_423' title='bbox 345 2446 425 2479; x_wconf 75' lang='lat' dir='ltr'>aut</span> <span class='ocrx_word' id='word_1_424' title='bbox 456 2434 617 2480; x_wconf 62' lang='lat' dir='ltr'>resetio</span> <span class='ocrx_word' id='word_1_425' title='bbox 648 2434 845 2480; x_wconf 71' lang='lat' dir='ltr'>anima-lis</span> <span class='ocrx_word' id='word_1_426' title='bbox 878 2435 1003 2479; x_wconf 83' lang='lat' dir='ltr'>corde</span> <span class='ocrx_word' id='word_1_427' title='bbox 1024 2467 1037 2490; x_wconf 79' lang='lat'>,</span> <span class='ocrx_word' id='word_1_428' title='bbox 1069 2433 1170 2489; x_wconf 82' lang='lat' dir='ltr'>quia</span> <span class='ocrx_word' id='word_1_429' title='bbox 1212 2444 1406 2478; x_wconf 79' lang='lat' dir='ltr'>anterior</span> <span class='ocrx_word' id='word_1_430' title='bbox 1448 2434 1558 2478; x_wconf 82' lang='lat' dir='ltr'>unda</span> <span class='ocrx_word' id='word_1_431' title='bbox 1588 2431 1843 2490; x_wconf 77' lang='lat' dir='ltr'>vulnerique</span> <span class='ocrx_word' id='word_1_432' title='bbox 1873 2432 2075 2490; x_wconf 84' lang='lat' dir='ltr'>proxima</span> <span class='ocrx_word' id='word_1_433' title='bbox 2106 2433 2152 2477; x_wconf 90' lang='lat' dir='ltr'>in</span> <span class='ocrx_word' id='word_1_434' title='bbox 2182 2431 2349 2481; x_wconf 81' lang='lat' dir='ltr'>sedem,</span> <span class='ocrx_word' id='word_1_435' title='bbox 2379 2430 2431 2471; x_wconf 86' lang='lat' dir='ltr'>de</span> 
     </span>
     <span class='ocr_line' id='line_1_38' title="bbox 2347 2501 2431 2544; baseline 0 -13"><span class='ocrx_word' id='word_1_436' title='bbox 2347 2501 2431 2544; x_wconf 87' lang='lat' dir='ltr'>qua</span> 
     </span>
    </p>
   </div>
   <div class='ocr_carea' id='block_1_8' title="bbox 355 2665 2428 2688">
    <p class='ocr_par' dir='ltr' id='par_1_11' title="bbox 355 2665 2428 2688">
     <span class='ocr_line' id='line_1_39' title="bbox 355 2665 2428 2688; baseline -0.001 -5"><span class='ocrx_word' id='word_1_437' title='bbox 355 2675 457 2686; x_wconf 79' lang='grc'>.--</span> <span class='ocrx_word' id='word_1_438' title='bbox 467 2671 931 2688; x_wconf 58' lang='grc' dir='ltr'>-ι--ι--ις-ι-ι--ιικ</span> <span class='ocrx_word' id='word_1_439' title='bbox 941 2669 1680 2685; x_wconf 49' lang='grc' dir='ltr'>-ι--ια-ὴ-*ἱμ-ι--ι-ά-α--ι-υι--ι-μῂ</span> <span class='ocrx_word' id='word_1_440' title='bbox 1703 2673 1789 2684; x_wconf 71' lang='lat' dir='ltr'>——u-</span> <span class='ocrx_word' id='word_1_441' title='bbox 1802 2665 2428 2685; x_wconf 45' lang='lat' dir='ltr'>——n-——na--v—--u——ss-</span> 
     </span>
    </p>
   </div>
   <div class='ocr_carea' id='block_1_9' title="bbox 352 2762 2430 3081">
    <p class='ocr_par' dir='ltr' id='par_1_12' title="bbox 352 2762 2430 3081">
     <span class='ocr_line' id='line_1_40' title="bbox 397 2762 1834 2811; baseline 0.001 -12"><span class='ocrx_word' id='word_1_442' title='bbox 397 2762 450 2809; x_wconf 76' lang='lat' dir='ltr'>(g)</span> <span class='ocrx_word' id='word_1_443' title='bbox 476 2765 577 2799; x_wconf 57' lang='grc' dir='ltr'><em>Βία-Ι)</em></span> <span class='ocrx_word' id='word_1_444' title='bbox 601 2773 625 2798; x_wconf 81' lang='lat' dir='ltr'>t.</span> <span class='ocrx_word' id='word_1_445' title='bbox 648 2777 679 2805; x_wconf 79' lang='lat'>4.</span> <span class='ocrx_word' id='word_1_446' title='bbox 706 2771 741 2809; x_wconf 72' lang='lat' dir='ltr'>p.</span> <span class='ocrx_word' id='word_1_447' title='bbox 758 2776 833 2807; x_wconf 78' lang='lat'>309,</span> <span class='ocrx_word' id='word_1_448' title='bbox 858 2764 950 2798; x_wconf 85' lang='lat' dir='ltr'>conf.</span> <span class='ocrx_word' id='word_1_449' title='bbox 978 2776 1010 2808; x_wconf 82' lang='lat' dir='ltr'>p.</span> <span class='ocrx_word' id='word_1_450' title='bbox 1037 2775 1112 2805; x_wconf 79' lang='lat'><strong>305.</strong></span> <span class='ocrx_word' id='word_1_451' title='bbox 1471 2763 1531 2808; x_wconf 77' lang='lat' dir='ltr'>(o)</span> <span class='ocrx_word' id='word_1_452' title='bbox 1558 2767 1643 2811; x_wconf 80' lang='lat' dir='ltr'>Exp.</span> <span class='ocrx_word' id='word_1_453' title='bbox 1672 2774 1739 2808; x_wconf 76' lang='lat'>¹²3·</span> <span class='ocrx_word' id='word_1_454' title='bbox 1763 2772 1834 2807; x_wconf 63' lang='grc'>137-</span> 
     </span>
     <span class='ocr_line' id='line_1_41' title="bbox 352 2810 1677 2858; baseline 0 -14"><span class='ocrx_word' id='word_1_455' title='bbox 352 2851 362 2858; x_wconf 35' lang='grc'><strong>,</strong></span> <span class='ocrx_word' id='word_1_456' title='bbox 402 2811 463 2854; x_wconf 68' lang='lat' dir='ltr'>ch)</span> <span class='ocrx_word' id='word_1_457' title='bbox 492 2813 614 2845; x_wconf 84' lang='lat' dir='ltr'>Second</span> <span class='ocrx_word' id='word_1_458' title='bbox 643 2814 747 2844; x_wconf 84' lang='lat' dir='ltr'>Mem.</span> <span class='ocrx_word' id='word_1_459' title='bbox 787 2812 838 2844; x_wconf 81' lang='lat' dir='ltr'>sur</span> <span class='ocrx_word' id='word_1_460' title='bbox 872 2812 903 2843; x_wconf 84' lang='lat' dir='ltr'>le</span> <span class='ocrx_word' id='word_1_461' title='bbox 938 2821 1054 2846; x_wconf 82' lang='lat' dir='ltr'>mouv.</span> <span class='ocrx_word' id='word_1_462' title='bbox 1079 2810 1132 2843; x_wconf 72' lang='lat' dir='ltr'>‘du</span> <span class='ocrx_word' id='word_1_463' title='bbox 1166 2810 1253 2852; x_wconf 78' lang='lat' dir='ltr'>sang,</span> <span class='ocrx_word' id='word_1_464' title='bbox 1278 2813 1364 2854; x_wconf 75' lang='lat' dir='ltr'>Exp.</span> <span class='ocrx_word' id='word_1_465' title='bbox 1471 2814 1532 2856; x_wconf 70' lang='lat' dir='ltr'>(p)</span> <span class='ocrx_word' id='word_1_466' title='bbox 1559 2817 1594 2845; x_wconf 80' lang='lat' dir='ltr'>P.</span> <span class='ocrx_word' id='word_1_467' title='bbox 1623 2823 1677 2853; x_wconf 72' lang='grc' dir='ltr'>ης</span> 
     </span>
     <span class='ocr_line' id='line_1_42' title="bbox 354 2858 1642 2897; baseline 0.004 -11"><span class='ocrx_word' id='word_1_468' title='bbox 354 2862 416 2897; x_wconf 71' lang='lat'>5¹3⁵</span> <span class='ocrx_word' id='word_1_469' title='bbox 444 2869 503 2895; x_wconf 75' lang='lat'>1¹4-</span> <span class='ocrx_word' id='word_1_470' title='bbox 1512 2859 1529 2896; x_wconf 86' lang='lat'>)</span> <span class='ocrx_word' id='word_1_471' title='bbox 1556 2858 1642 2891; x_wconf 70' lang='lat' dir='ltr'>ibid.</span> 
     </span>
     <span class='ocr_line' id='line_1_43' title="bbox 400 2854 2139 2948; baseline 0.001 -15"><span class='ocrx_word' id='word_1_472' title='bbox 400 2903 449 2941; x_wconf 72' lang='lat' dir='ltr'>(i)</span> <span class='ocrx_word' id='word_1_473' title='bbox 475 2900 552 2934; x_wconf 65' lang='grc' dir='ltr'>ΟΜ.</span> <span class='ocrx_word' id='word_1_474' title='bbox 579 2913 631 2935; x_wconf 81' lang='lat' dir='ltr'>m.</span> <span class='ocrx_word' id='word_1_475' title='bbox 664 2902 726 2935; x_wconf 66' lang='grc' dir='ltr'>ἃς.</span> <span class='ocrx_word' id='word_1_476' title='bbox 1470 2854 1524 2943; x_wconf 56' lang='lat' dir='ltr'>gi)</span> <span class='ocrx_word' id='word_1_477' title='bbox 1551 2907 1587 2936; x_wconf 94' lang='lat' dir='ltr'>L.</span> <span class='ocrx_word' id='word_1_478' title='bbox 1617 2906 1663 2937; x_wconf 82' lang='grc' dir='ltr'>Π.</span> <span class='ocrx_word' id='word_1_479' title='bbox 1691 2914 1723 2948; x_wconf 88' lang='lat' dir='ltr'>p.</span> <span class='ocrx_word' id='word_1_480' title='bbox 1749 2906 1804 2943; x_wconf 81' lang='lat'>89.</span> <span class='ocrx_word' id='word_1_481' title='bbox 2133 2942 2139 2946; x_wconf 62' lang='lat'>,</span> 
     </span>
     <span class='ocr_line' id='line_1_44' title="bbox 402 2946 2150 2992; baseline 0 -14"><span class='ocrx_word' id='word_1_482' title='bbox 402 2948 466 2985; x_wconf 78' lang='lat' dir='ltr'>(k)</span> <span class='ocrx_word' id='word_1_483' title='bbox 493 2951 540 2979; x_wconf 80' lang='lat' dir='ltr'>Ut</span> <span class='ocrx_word' id='word_1_484' title='bbox 565 2946 599 2978; x_wconf 86' lang='lat' dir='ltr'>in</span> <span class='ocrx_word' id='word_1_485' title='bbox 627 2948 761 2982; x_wconf 78' lang='lat' dir='ltr'>arteriis</span> <span class='ocrx_word' id='word_1_486' title='bbox 789 2961 820 2992; x_wconf 84' lang='lat' dir='ltr'>p.</span> <span class='ocrx_word' id='word_1_487' title='bbox 841 2957 900 2987; x_wconf 72' lang='lat'>³91·</span> <span class='ocrx_word' id='word_1_488' title='bbox 1471 2949 1524 2989; x_wconf 63' lang='lat' dir='ltr'>(s)</span> <span class='ocrx_word' id='word_1_489' title='bbox 1547 2950 1739 2981; x_wconf 72' lang='lat' dir='ltr'>Boerhaave</span> <span class='ocrx_word' id='word_1_490' title='bbox 1761 2947 1802 2978; x_wconf 87' lang='lat' dir='ltr'>ad</span> <span class='ocrx_word' id='word_1_491' title='bbox 1830 2958 1862 2980; x_wconf 87' lang='lat' dir='ltr'>n.</span> <span class='ocrx_word' id='word_1_492' title='bbox 1889 2956 1955 2979; x_wconf 74' lang='lat'>212.</span> <span class='ocrx_word' id='word_1_493' title='bbox 1982 2948 2056 2977; x_wconf 85' lang='lat'>260.</span> <span class='ocrx_word' id='word_1_494' title='bbox 2083 2947 2150 2978; x_wconf 82' lang='lat'>261.</span> 
     </span>
     <span class='ocr_line' id='line_1_45' title="bbox 404 2989 2429 3036; baseline 0.001 -14"><span class='ocrx_word' id='word_1_495' title='bbox 404 2991 456 3029; x_wconf 75' lang='lat'>(1)</span> <span class='ocrx_word' id='word_1_496' title='bbox 483 2990 565 3022; x_wconf 65' lang='lat' dir='ltr'>Vide</span> <span class='ocrx_word' id='word_1_497' title='bbox 594 2993 791 3028; x_wconf 57' lang='lat' dir='ltr'>arenosorum</span> <span class='ocrx_word' id='word_1_498' title='bbox 819 2991 1026 3032; x_wconf 75' lang='lat' dir='ltr'>torrentium</span> <span class='ocrx_word' id='word_1_499' title='bbox 1043 3000 1168 3036; x_wconf 81' lang='lat' dir='ltr'>pugnas</span> <span class='ocrx_word' id='word_1_500' title='bbox 1198 2995 1372 3035; x_wconf 79' lang='lat' dir='ltr'>Exp.137.</span> <span class='ocrx_word' id='word_1_501' title='bbox 1481 2992 1533 3035; x_wconf 79' lang='lat' dir='ltr'>(t)</span> <span class='ocrx_word' id='word_1_502' title='bbox 1556 2991 1840 3034; x_wconf 74' lang='lat' dir='ltr'>Muffchenbroeck</span> <span class='ocrx_word' id='word_1_503' title='bbox 1866 2990 1969 3030; x_wconf 64' lang='lat' dir='ltr'>effay‘:</span> <span class='ocrx_word' id='word_1_504' title='bbox 1996 2990 2036 3022; x_wconf 82' lang='lat' dir='ltr'>de</span> <span class='ocrx_word' id='word_1_505' title='bbox 2062 2989 2219 3033; x_wconf 79' lang='lat' dir='ltr'>phyfique</span> <span class='ocrx_word' id='word_1_506' title='bbox 2246 2990 2429 3033; x_wconf 52' lang='lat' dir='ltr'>pam-1⁰⁴</span> 
     </span>
     <span class='ocr_line' id='line_1_46' title="bbox 407 3033 2430 3081; baseline 0 -16"><span class='ocrx_word' id='word_1_507' title='bbox 407 3033 478 3076; x_wconf 76' lang='lat' dir='ltr'>(m)</span> <span class='ocrx_word' id='word_1_508' title='bbox 505 3039 591 3078; x_wconf 73' lang='lat' dir='ltr'>Exp.</span> <span class='ocrx_word' id='word_1_509' title='bbox 621 3042 671 3077; x_wconf 54' lang='lat'>⁶5&gt;</span> <span class='ocrx_word' id='word_1_510' title='bbox 698 3049 754 3078; x_wconf 79' lang='lat'>93.</span> <span class='ocrx_word' id='word_1_511' title='bbox 782 3051 836 3081; x_wconf 78' lang='lat'>93.</span> <span class='ocrx_word' id='word_1_512' title='bbox 863 3047 931 3078; x_wconf 76' lang='lat'>123.</span> <span class='ocrx_word' id='word_1_513' title='bbox 959 3049 1030 3078; x_wconf 77' lang='lat'>¹²9·</span> <span class='ocrx_word' id='word_1_514' title='bbox 1434 3037 1540 3073; x_wconf 83' lang='lat' dir='ltr'>stitut.</span> <span class='ocrx_word' id='word_1_515' title='bbox 1569 3037 1692 3080; x_wconf 82' lang='lat' dir='ltr'>physic.</span> <span class='ocrx_word' id='word_1_516' title='bbox 1721 3048 1753 3077; x_wconf 77' lang='lat' dir='ltr'>p.</span> <span class='ocrx_word' id='word_1_517' title='bbox 1781 3040 1856 3075; x_wconf 85' lang='lat'>326.</span> <span class='ocrx_word' id='word_1_518' title='bbox 1893 3036 1948 3067; x_wconf 89' lang='lat' dir='ltr'>Ob</span> <span class='ocrx_word' id='word_1_519' title='bbox 1972 3045 2046 3067; x_wconf 80' lang='lat' dir='ltr'>eam</span> <span class='ocrx_word' id='word_1_520' title='bbox 2086 3036 2217 3068; x_wconf 83' lang='lat' dir='ltr'>causam</span> <span class='ocrx_word' id='word_1_521' title='bbox 2258 3034 2386 3078; x_wconf 81' lang='lat' dir='ltr'>pulsum</span> <span class='ocrx_word' id='word_1_522' title='bbox 2410 3043 2430 3065; x_wconf 84' lang='lat' dir='ltr'>a</span> 
     </span>
    </p>
   </div>
   <div class='ocr_carea' id='block_1_10' title="bbox 359 3076 2435 3170">
    <p class='ocr_par' dir='ltr' id='par_1_13' title="bbox 359 3076 2435 3170">
     <span class='ocr_line' id='line_1_47' title="bbox 410 3076 2435 3126; baseline -0.004 -8"><span class='ocrx_word' id='word_1_523' title='bbox 410 3076 471 3118; x_wconf 74' lang='lat' dir='ltr'>(n)</span> <span class='ocrx_word' id='word_1_524' title='bbox 497 3083 580 3120; x_wconf 78' lang='lat' dir='ltr'>Exp-</span> <span class='ocrx_word' id='word_1_525' title='bbox 610 3091 664 3119; x_wconf 76' lang='lat'>132</span> <span class='ocrx_word' id='word_1_526' title='bbox 702 3094 770 3122; x_wconf 80' lang='lat'>137-</span> <span class='ocrx_word' id='word_1_527' title='bbox 797 3094 856 3123; x_wconf 77' lang='lat'><strong>191.</strong></span> <span class='ocrx_word' id='word_1_528' title='bbox 884 3093 960 3122; x_wconf 87' lang='lat'><em>²29-</em></span> <span class='ocrx_word' id='word_1_529' title='bbox 987 3094 1066 3124; x_wconf 84' lang='lat'><em>233.</em></span> <span class='ocrx_word' id='word_1_530' title='bbox 1109 3081 1145 3115; x_wconf 82' lang='lat' dir='ltr'>in</span> <span class='ocrx_word' id='word_1_531' title='bbox 1179 3093 1272 3119; x_wconf 70' lang='lat' dir='ltr'>ramo</span> <span class='ocrx_word' id='word_1_532' title='bbox 1298 3088 1378 3117; x_wconf 68' lang='lat' dir='ltr'>ana·</span> <span class='ocrx_word' id='word_1_533' title='bbox 1438 3083 1533 3119; x_wconf 85' lang='lat' dir='ltr'>venis</span> <span class='ocrx_word' id='word_1_534' title='bbox 1560 3081 1662 3126; x_wconf 62' lang='lat' dir='ltr'>abesse</span> <span class='ocrx_word' id='word_1_535' title='bbox 1686 3081 1770 3115; x_wconf 84' lang='lat' dir='ltr'>olim</span> <span class='ocrx_word' id='word_1_536' title='bbox 1797 3079 2001 3114; x_wconf 70' lang='lat' dir='ltr'>Guilieimus</span> <span class='ocrx_word' id='word_1_537' title='bbox 2029 3082 2104 3116; x_wconf 81' lang='lat' dir='ltr'>Cole</span> <span class='ocrx_word' id='word_1_538' title='bbox 2124 3080 2295 3120; x_wconf 58' lang='lat' dir='ltr'>deseqret.</span> <span class='ocrx_word' id='word_1_539' title='bbox 2319 3090 2353 3123; x_wconf 71' lang='lat' dir='ltr'>p,</span> <span class='ocrx_word' id='word_1_540' title='bbox 2365 3087 2435 3119; x_wconf 69' lang='lat'>107.</span> 
     </span>
     <span class='ocr_line' id='line_1_48' title="bbox 359 3124 1170 3170; baseline 0.006 -13"><span class='ocrx_word' id='word_1_541' title='bbox 359 3124 535 3160; x_wconf 55' lang='lat' dir='ltr'>homerico</span> <span class='ocrx_word' id='word_1_542' title='bbox 556 3146 567 3166; x_wconf 82' lang='lat'>‚</span> <span class='ocrx_word' id='word_1_543' title='bbox 602 3124 691 3159; x_wconf 76' lang='lat' dir='ltr'>conf.</span> <span class='ocrx_word' id='word_1_544' title='bbox 716 3131 796 3162; x_wconf 80' lang='lat' dir='ltr'>Ant.</span> <span class='ocrx_word' id='word_1_545' title='bbox 822 3129 861 3162; x_wconf 74' lang='lat' dir='ltr'>de</span> <span class='ocrx_word' id='word_1_546' title='bbox 885 3128 997 3170; x_wconf 76' lang='lat' dir='ltr'>Heyde</span> <span class='ocrx_word' id='word_1_547' title='bbox 1021 3127 1095 3165; x_wconf 80' lang='lat' dir='ltr'>obs.</span> <span class='ocrx_word' id='word_1_548' title='bbox 1117 3131 1170 3169; x_wconf 80' lang='lat'>85.</span> 
     </span>
    </p>
   </div>
  </div>
 </body>
</html>
