2534 3586
449 285 509 393 I

618 451 953 498 TOMI

2105 175 2185 221 335

748 280 869 389 Ν
1107 277 1226 386 D
1468 272 1556 380 E
1788 273 1897 381 X

1063 445 1683 496 SECUNDI

109 578 1169 666 ELEMENTORUM
1223 569 2187 661 PHYSIOLOGIAE·

567 741 973 792 LIB.V.

368 917 396 967 S
429 916 466 961 E
498 914 540 961 C
571 916 617 961 T
649 916 670 960 1
701 913 749 958 0
823 911 860 956 Ι.

162 1030 356 1089 sanguis
386 1031 431 1075 in
465 1027 715 1094 Universum
758 1026 1065 1083 consideratus.

119 1164 155 1194 ι.
302 1147 498 1192 Uantum
530 1143 744 1204 sangui-nis
773 1143 820 1188 in
848 1142 953 1188 vafis
973 1144 1123 1188 huma-

327 1206 372 1250 ni
403 1204 576 1262 coporis
607 1202 889 1259 contineat-ur,
955 1203 1062 1255 Pag.
1102 1217 1118 1244 1

165 1261 373 1309 Calculus
405 1262 570 1309 sumtus
611 1273 636 1306 a
677 1259 875 1318 sanguine
919 1259 971 1302 de
1014 1257 1121 1302 vasis

233 1320 388 1366 emisso
1029 1333 1060 1359 r.
1097 1331 1121 1358 2

114 1392 157 1422 2.
190 1377 297 1425 Non
331 1378 455 1435 justus
487 1378 571 1431 est,
602 1375 703 1433 quia
734 1384 887 1433 magna
915 1388 1010 1431 pars
1031 1373 1122 1418 san—

232 1436 371 1494 guinis
402 1436 450 1480 in
480 1436 581 1481 vafis
614 1432 763 1480 residet
784 1475 795 1480 ,
1099 1444 1123 1474 2

117 1508 156 1552 3.
188 1493 390 1557 Calculus
422 1493 585 1539 sumtus
615 1489 820 1549 ama-gnis
851 1487 1019 1547 jafiuris
1035 1487 1125 1533 san·

235 1565 377 1608 guinis
652 1603 655 1604 7
1100 1561 1123 1603 3

176 1608 357 1664 Quanta
387 1607 460 1653 hic
487 1606 671 1651 varietas
699 1605 752 1650 fit
1084 1619 1128 1657 <4

122 1681 167 1721 4.
197 1665 377 1723 Sanguis
409 1663 633 1709 arteriosus
665 1661 864 1707 avenoso
879 1675 1032 1718 parum
1046 1659 1127 1705 dif-

231 1723 348 1777 fert,
380 1734 451 1766 aut
483 1721 595 1766 nihil
625 1721 866 1776 quidquam
1071 1774 1080 1784 .

181 1778 339 1835 Neque
369 1779 539 1824 differre
571 1779 707 1824 credit
739 1775 958 1821 Harveius
1019 1774 1124 1821 ilud.

175 1836 266 1891 Qui
300 1837 426 1881 aliter
455 1852 510 1882 ex
540 1834 830 1894 hypotheseos
880 1832 1124 1879 necestitate

230 1893 491 1938 crediderint
1098 1896 1125 1935 6

176 1950 520 2007 Sanguinemque
579 1948 836 1995 arteriosum
879 1948 1125 1994 tenuiorem

235 2007 429 2051 dixerint
1019 2004 1126 2050 ibid.

177 2075 250 2110 aut
281 2062 468 2107 vicii-lim
500 2062 737 2108 densiorem
787 2088 792 2090 -

124 2139 166 2182 5.
195 2121 302 2165 Veri
334 2119 594 2164 discriminis
626 2120 703 2162 vix
733 2118 1129 2181 quidquamsubest,

235 2191 373 2233 neque
405 2175 632 2221 arteriosus
664 2175 828 2234 sanguis
849 2190 871 2219 a
888 2177 1043 2220 veno‘so
1057 2192 1128 2221 co-

237 2237 330 2280 lore
360 2234 504 2278 differt
1028 2250 1069 2287 7..
1104 2238 1127 2277 8

177 2307 316 2349 neque
348 2292 537 2349 ponder-e
645 2310 653 2329 τ
879 2304 882 2305 ’
1105 2295 1128 2334 8

128 2360 169 2398 6.
202 2351 326 2396 Num
358 2349 531 2405 aliquod
560 2347 610 2392 in
638 2346 838 2406 sanguine
866 2344 1126 2392 diversarum

241 2407 493 2452 arteriarum
524 2404 755 2449 discrimen
786 2406 835 2450 fit
1107 2421 1131 2460 9

123 2483 166 2520 7.
199 2465 378 2522 Sanguis
412 2464 500 2508 vivi
532 2463 724 2507 hominis
749 2464 871 2508 rubet
1105 2479 1132 2518 9

182 2522 335 2567 vitiose
361 2523 494 2580 pallet
1083 2535 1134 2564 10

184 2580 351 2634 Chylus
373 2580 429 2623 in
459 2578 660 2638 sanguine
690 2590 1001 2634 nonnunquam
1031 2592 1133 2623 con-

246 2637 427 2694 spicitur
1008 2650 1065 2681 10.
1087 2651 1101 2678 1
1117 2650 1131 2677 1

188 2695 366 2752 Sanguis
386 2694 508 2752 niger
1089 2708 1133 2737 11

133 2760 172 2802 8.
204 2753 378 2810 Sanguis
410 2752 563 2809 sponte
594 2750 685 2795 coit
1033 2749 1140 2795 ibid.

188 2811 323 2862 etiam
354 2810 399 2854 in
429 2809 681 2854 animalibus
715 2806 882 2864 frigidis
1092 2823 1141 2851 12

189 2868 329 2925 magis
363 2869 405 2911 in
439 2867 690 2912 hominibus
721 2880 874 2923 corpus
909 2866 1143 2911 vehemen-

995 2938 1058 2968 12.
1096 2938 1143 2981 13

248 2938 315 2970 ter
344 2925 639 2970 exercentibus
712 2971 714 2974 ,

195 2985 238 3029 &
270 2983 314 3026 in
343 2983 527 3027 febribus
562 2980 739 3037 aliisque
771 2980 934 3026 morbis

141 3058 179 3099 9.
211 3041 362 3084 Etiam
394 3041 438 3084 in
469 3041 575 3084 vivo
608 3040 786 3083 homine
818 3039 860 3083 &
892 3038 1075 3084 animale
1100 3055 1149 3093 14

148 3115 212 3145 10.
249 3100 436 3154 l‘olvpus
470 3113 559 3142 non
589 3112 712 3141 verus
1098 3111 1147 3153 15

257 3155 413 3201 Haller
442 3154 675 3214 Phystolog.
708 3155 825 3199 Tom.
863 3154 919 3199 Π.

1089 732 1746 785 SANGUIS.

1183 923 1248 953 η..
1279 906 1435 964 Pol-ypi
1454 905 1550 953 ⁴veri
2141 912 2196 954 16

1241 966 1409 1010 Eorum
1436 963 1599 1009 fabrica
1995 1011 1998 1015 ,
2144 983 2196 1020 17

1241 1023 1372 1079 Signa
1402 1022 1494 1066 veri
1526 1020 1679 1079 polypi
1709 1036 1734 1066 a
1762 1020 1946 1069 dilatato
1975 1024 2106 1070 corde
2138 1023 2196 1071 ib.

1240 1096 1263 1124 a
1293 1079 1660 1135 symptomatibus
2146 1087 2197 1125 18

1241 1137 1400 1201 Polypi
1432 1136 1562 1182 causae
2092 1136 2202 1184 ibid.

1234 1194 1334 1253 <Qui
1363 1194 1560 1251 primum
1591 1194 1803 1251 polypum
1821 1193 2127 1254 descripserint
2149 1210 2201 1252 19

1443 1309 1472 1356 S
1503 1308 1542 1353 E
1574 1310 1616 1354 C
1645 1309 1692 1354 T
1722 1307 1746 1353 Ι
1775 1309 1823 1354 O
1882 1308 1946 1355 IL

1424 1424 1650 1469 Elementa
1686 1422 1916 1482 sanguinis
1941 1457 1958 1471 .

1188 1496 1226 1528 1.
1258 1481 1396 1527 Calor
1572 1539 1574 1541 Ι
2152 1498 2207 1542 19

1243 1540 1412 1597 Qiibus
1442 1540 1699 1586 animalibus
1730 1539 1900 1599 sanguis
1918 1541 2054 1587 caleat
2075 1555 2203 1587 20:21

1240 1598 1414 1654 Quibus
1444 1599 1589 1650 minus
1620 1613 1720 1644 vere
1743 1601 1886 1647 -didlus
1907 1599 1957 1645 fit
1973 1599 2128 1658 frigere
2140 1597 2203 1645 ib.

1242 1655 1414 1712 Quibus
1444 1672 1547 1702 vere
1578 1656 1732 1714 frigeat
2017 1694 2024 1695 a
2146 1671 2195 1701 21

1104 1733 1123 1774 5
1188 1730 1227 1760 2.
1259 1714 1341 1758 An*
1365 1714 1534 1772 sanguis
1565 1714 1756 1760 calorem
1786 1715 2084 1772 atmosphaerae
2097 1729 2208 1760 con-

1296 1772 1457 1817 stanter
1487 1771 1654 1827 superet
1885 1806 1887 1809 .
2094 1771 2204 1818 ibid.

1237 1829 1376 1875 Calor
1400 1828 1702 1886 ‘atmosphaerae
1734 1829 1886 1877 aestivae
1917 1830 2085 1877 medius
2148 1845 2203 1874 η

1240 1890 1379 1933 Calor
1410 1889 1552 1943 major
2140 1903 2192 1943 23

1243 1945 1415 1990 Summi
1446 1945 1562 1990 aestus
1594 1946 1791 1999 exempla
1823 1945 2056 2003 gradusque
2076 1960 2205 2004 23=²4

1244 2003 1393 2059 Quem
1423 2002 1568 2048 aesturn
1603 2004 1802 2047 homines
1836 2005 2025 2048 tolerent
2062 2019 2130 2058 24.
2151 2014 2202 2055 25

1101 2080 1126 2117 7
1189 2076 1227 2119 3.
1255 2061 1394 2105 Calor
1424 2060 1637 2124 sanguinis
1666 2075 1758 2105 non
1791 2059 1960 2116 semper
1976 2062 2118 2117 major
2149 2058 2210 2104 est

1303 2119 1443 2166 calore
1474 2132 1613 2170 aeris,
1644 2131 1775 2173 quem
1796 2117 2053 2173 respiramus
2079 2123 2204 2175 25.26

1240 2174 1337 2230 Qui
1367 2173 1416 2218 fit
1447 2175 1568 2220 calor
1598 2173 1815 2232 sanguinis
1848 2174 2084 2222 mediocris
2149 2179 2204 2217 26

1246 2231 1289 2273 8<
1318 2230 1511 2275 summus
2098 2228 2208 2275 ibid.

1187 2304 1229 2343 4.
1262 2286 1487 2343 Sanguinis
1517 2284 1693 2332 diversae
1723 2296 1867 2342 partes
2077 2344 2079 2346 q
2103 2302 2208 2388 'by

2098 2360 2113 2387 1
2148 2360 2160 2385 1
2194 2376 2209 2389 0

1250 2343 1426 2388 Halitus

1250 2402 1393 2446 lev's‘or
1422 2401 1479 2445 est
1511 2401 1682 2458 reliquo
1713 2399 1916 2458 sanguine
2035 2449 2042 2454 ,
2094 2400 2204 2447 ibid.

1195 2472 1233 2517 5.
1267 2459 1366 2504 Pars
1397 2459 1521 2503 rubra
1551 2458 1763 2517 sanguinis
1795 2459 1881 2505 five
1913 2472 2045 2506 cruor
2078 2463 2206 2514 27.28

1250 2515 1391 2562 serum
1423 2518 1612 2573 pondere
1644 2515 1812 2574 superat
2155 2520 2210 2561 28

1216 2597 1223 2604 ·
1254 2586 1351 2620 turn
1383 2588 1537 2631 aquam
2158 2590 2211 2630 29

1255 2633 1433 2678 Pondus
1459 2635 1545 2688 ejus
1576 2632 1627 2676 ad
1658 2645 1810 2689 aquam
1827 2644 2131 2690 comparatum
2152 2631 2210 2676 ib.

1197 2696 1224 2735 6
1273 2693 1436 2747 Sponte
1468 2705 1594 2735 cruor
1625 2689 1671 2734 in
1719 2688 1870 2735 sciffile
1915 2691 2029 2748 quasi
2074 2693 2216 2747 :hepar

1318 2749 1494 2806 cogitur
2108 2745 2220 2793 ibid.

1258 2806 1391 2851 etiam
1424 2804 1511 2861 ipse
1543 2806 1695 2860 absque
1728 2804 1821 2851 sero
1852 2821 1984 2852 cruor
2162 2822 2217 2862 30

1265 2879 1363 2908 curn
1397 2864 1538 2908 calore
1568 2862 1738 2908 firmius
2112 2861 2220 2908 ibid.

1267 2921 1310 2964 8<
1340 2937 1362 2965 a
1394 2921 1509 2965 febre
2165 2936 2216 2978 31

1099 2996 1144 3037 13
1208 2997 1232 3036 7
1266 2979 1382 3022 Idem
1414 2978 1488 3042 fibi
1521 2977 1747 3042 permissus
1777 2978 2071 3027 dissolvi-tur.
2110 2977 2218 3023 ibid.

1266 3036 1397 3080 etiam
1433 3051 1475 3079 in
1510 3051 1613 3083 vivo
1633 3036 1815 3083 homine
2110 3035 2219 3082 ibid.

1264 3104 1336 3140 aut
1367 3093 1498 3139 debili
2169 3108 2221 3152 32

1790 3152 1834 3197 V
1862 3168 1890 3201 u
2150 3161 2227 3199 aut
