2534 3586
346 200 427 252 298
565 195 570 198 ’
778 185 1961 239 LIB.VII.SECT.HI.CAUSAE

346 256 443 307 rio,
474 254 589 310 quod
622 270 644 298 a
675 255 796 298 rubra
828 247 980 292 arteria
1009 245 1222 300 nascitur,
1253 245 1464 301 suumque
1492 246 1726 290 humorem
1772 247 1931 302 accipit
1959 282 1973 303 ,
2019 250 2218 299 ostiolum
2259 257 2400 301 minus

347 311 480 366 fecit,
513 326 641 367 quam
676 311 730 353 est
762 307 974 350 diameter
1003 302 1165 359 globuli
1199 302 1338 365 rubri..
1371 302 1437 345 Ita
1468 301 1544 346 iste
1574 302 1751 360 quidem
1782 305 2063 360 excluditur,
2088 309 2266 364 ‘reliquae
2296 328 2400 357 vero

345 369 571 413 moleculae
603 365 927 413 admittuntur,
970 372 1249 422 quaecumque
1291 360 1554 404 diametrum
1609 360 1773 405 lumine
1820 361 1963 406 ostioli
2005 363 2220 410 secretorii
2268 369 2405 411 mino-

346 440 441 471 rem
474 426 656 469 habent.
690 422 754 463 Ita
787 432 920 472 porro
951 415 1075 460 faeile
1108 415 1165 459 est
1196 415 1442 479 intellec'tu‚
1473 416 1503 461 fi
1534 419 1672 462 multa
1706 418 1865 473 fuerint
1907 421 2213 476 particularum
2242 422 2290 467 in
2319 423 2408 467 san-

347 483 474 540 guine
506 476 868 525 circumeuntium
900 488 1079 531 genera,
1111 472 1295 529 potuisse
1327 486 1525 518 naturam
1557 475 1644 521 levi
1677 474 1865 521 artificio
1912 477 2101 534 primam
2131 479 2244 534 quasi
2272 481 2321 524 ad
2353 479 2410 523 se-

351 540 590 596 cretionem·
623 532 1011 589 praeparationem,
1046 532 1124 595 hac
1156 530 1281 575 unica
1328 530 1604 588 providentia
1649 532 1847 578 obtinere
1872 567 1885 587 ,
1930 547 1978 579 ut
2020 536 2233 582 diversam
2278 537 2423 582 etiam*

351 591 696 649 magnitudinem
731 590 849 646 poris
882 589 1121 634 secretorns
1153 588 1437 633 admetiretur
1463 622 1472 632 .
1517 590 1602 634 Fac
1634 605 1686 633 ex
1736 591 1887 637 ordine
1913 626 1927 647 ,
1968 594 2280 639 molecularum
2311 595 2414 649 ejus-

345 650 467 697 modi
500 647 841 705 progressionem
873 645 954 692 effe
974 679 987 701 ,
1017 658 1064 691 ut
1095 645 1309 703 sanguinis
1348 646 1550 692 maximae
1581 647 1765 693 maffulae
1792 682 1807 706 ‚
1837 648 1974 705 adipis
2016 650 2204 696 secundae
2251 651 2415 708 magni-

346 706 508 752 tudinis
541 705 665 760 sunt,
697 706 791 750 bilis
825 706 1038 749 elementa
1069 703 1238 759 tertiat,
1267 705 1454 761 lymphae
1487 706 1606 750 flavae
1638 706 1815 762 glebulae
1846 717 2007 763 quartae
2041 741 2054 763 ,
2101 708 2241 753 salivae
2286 708 2415 764 parti-

344 765 448 809 culae
479 764 670 820 quintae,
703 761 1102 819 aquae.exhalabilis
1133 775 1396 817 quaecunque
1428 764 1606 819 guttulae
1636 764 1762 808 sextae
1794 764 1875 809 fint
1908 798 1921 809 .
1953 765 2037 810 Fac
2068 765 2165 810 inde
2197 781 2328 822 poros
2358 764 2416 809 se⁴

344 822 585 875 cretoriOS,
617 834 805 876 quorum
838 821 984 865 lumen
1014 819 1063 864 fit
1096 818 1283 863 secunda:
1314 820 1623 876 magnitudinis
1670 822 1981 868 molecularum
2022 819 2237 869 diametro
2283 836 2415 877 aequa-

344 880 413 934 le,
444 878 661 935 aliosque,
693 879 768 935 qui
799 878 1106 934 particularum
1139 876 1304 928 tertiae,
1336 889 1524 931 quartae,
1554 877 1714 932 quintae
1745 879 1880 924 claffis
1910 879 2125 926 diametro
2157 895 2275 936 pares
2306 879 2412 923 sint.

345 934 415 981 Ita
446 952 524 994 per
555 950 684 993 genus
717 936 903 980 secundae
936 932 1070 978 cl'affis
1103 933 1416 977 molecularum
1447 948 1610 989 capax,
1643 935 1815 979 excluso
1845 938 2075 994 sanguine,
2105 938 2242 983 exibit
2273 937 2415 993 adeps,

343 994 442 1040 bilis
464 1028 478 1049 ‚
513 994 691 1050 lympha
718 1027 733 1047 ,
763 992 928 1043 saliva,
959 990 1195 1034 exhalabile
1226 988 1542 1034 sanfiorianum
1576 1006 1586 1033 z
1619 1004 1696 1048 per
1735 1006 1867 1047 poros
1908 996 2029 1039 tertii
2073 995 2236 1041 ordinis
2281 1008 2417 1050 neque

344 1052 510 1110 sanguis
530 1086 543 1107 ‚
576 1065 712 1107 neque
743 1051 897 1107 adeps,
928 1061 1124 1093 ceterum
1156 1047 1253 1091 bilis
1279 1081 1293 1102 ,
1324 1047 1464 1093 serum
1483 1082 1497 1103 ,
1528 1048 1684 1104 saliva,
1716 1049 1873 1094 halitus
1907 1067 1918 1094 ε
1951 1066 2028 1107 per
2056 1064 2257 1109 quartum
2288 1066 2421 1109 genus

342 1125 557 1170 poi-orum
589 1122 727 1165 neque
757 1107 952 1165 sanguis,
984 1119 1122 1161 neque
1153 1106 1308 1161 adepS,
1340 1118 1478 1161 neque
1510 1104 1636 1159 bilis,
1668 1120 1805 1162 neque
1837 1109 2015 1164 lympha
2046 1142 2060 1162 ,
2089 1110 2157 1155 sed
2188 1111 2346 1165 saliva,
2375 1110 2418 1155 ὃς

342 1166 637 1227 perspirabilis
668 1179 836 1222 vapor;
869 1178 946 1220 per
976 1163 1179 1220 quintum
1212 1176 1350 1218 neque
1381 1164 1537 1219 adepS,
1567 1177 1704 1219 neque
1737 1164 1857 1219 bilis,
1887 1168 2214 1224 nequelvmpha
2233 1203 2246 1224 ,
2280 1179 2423 1223 neque·

343 1225 503 1279 saliva,
534 1223 603 1268 sed
634 1223 760 1268 unice
790 1221 1059 1266 saneim-iana
1090 1221 1244 1276 aquula
1276 1219 1539 1277 separabitur
1563 1255 1573 1265 .
1606 1222 1729 1265 Solus
1761 1237 1864 1280 ergo
1894 1224 2054 1269 humor
2081 1225 2258 1270 ultimus
2291 1240 2416 1281 purus

343 1283 461 1336 erit,
494 1280 648 1344 reliqui
679 1295 832 1325 omnes
863 1278 1054 1342 impuri,
1087 1279 1131 1323 ὃς
1164 1277 1429 1323 tenuioribus
1459 1278 1680 1336 generibus
1711 1293 1764 1325 eo
1793 1281 2155 1328 numerosioribus
2187 1282 2420 1335 commisti,

343 1353 434 1398 quo
465 1338 699 1394 majoribus
730 1337 954 1393 particulis
986 1335 1207 1379 constant.
2191 1354 2192 1357 =

403 1397 474 1440 Ex
506 1393 707 1439 omnibus
738 1404 885 1438 autem
916 1391 1081 1455 sanguis
1114 1392 1394 1456 excluditur,
1415 1393 1490 1449 qui
1522 1392 1634 1439 solus
1664 1392 1743 1439 fiat
1774 1394 2037 1460 corpusculiS
2069 1400 2186 1443 certa
2215 1395 2298 1442 fide
2318 1409 2420 1443 con‹

344 1452 534 1510 spimis,
564 1464 694 1508 atque
726 1452 833 1503 adeo
862 1449 1126 1513 majoribuS,
1156 1462 1288 1504 quam
1319 1450 1476 1506 reliqui
1509 1452 1715 1497 humores
1742 1485 1756 1505 ,
1788 1453 1941 1509 quibus
1988 1454 2264 1510 inconspicua
2295 1454 2421 1499 sunt.

346 1511 443 1568 Qui
477 1511 610 1554 bilem
642 1509 844 1567 sanguine
875 1508 1123 1552 crafiiorem
1154 1507 1349 1552 fecerunt
1380 1508 1479 1561 (d),
1509 1509 1539 1552 ii
1571 1510 1699 1555 obliti
1731 1510 1826 1555 sunt
1858 1511 1970 1556 nasci
2012 1525 2187 1558 tenuem
2229 1513 2286 1566 (e)
2315 1545 2328 1565 ,
2369 1511 2421 1556 de

344 1568 545 1614 nascente
577 1582 683 1612 vero
713 1567 837 1611 unice
869 1565 1127 1628 sermonem·
1146 1564 1257 1622 effe3
1290 1565 1333 1610 &
1365 1563 1509 1609 classes
1541 1567 1641 1610 duas
1686 1567 2015 1617 distinfflffimas
2045 1572 2191 1615 rerum
2222 1569 2423 1614 confude-

343 1638 449 1675 runt
481 1624 590 1682 (f),
621 1623 804 1669 cras-'sum
835 1637 994 1680 nempe
1025 1621 1346 1679 viscidumque.
1378 1621 1608 1668 Glutinosa
1639 1624 1759 1668 enim
1808 1637 1957 1670 natura
1989 1643 2077 1672 non
2108 1644 2131 1671 a
2163 1625 2423 1684 magnitudi-

342 1698 401 1735 ne
431 1683 748 1729 molecularum
777 1682 935 1738 pendet
965 1681 1055 1738 (g),
1085 1680 1153 1725 sed
1183 1696 1207 1724 a
1237 1679 1486 1725 cohaefionis
1516 1681 1563 1725 vi
1594 1681 1777 1738 majori.
1811 1683 1961 1728 Exstat
1975 1683 2425 1740 C1.Jatr0mathema=

349 1741 466 1788 zicus
494 1740 588 1796 (h),
619 1740 694 1796 qui
726 1740 962 1785 moleculas
995 1738 1145 1783 viscidi
1178 1738 1376 1783 humoris
1409 1739 1553 1796 potius
1585 1739 1778 1785 minores
1809 1741 1963 1787 faciat.
1996 1742 2176 1788 Certefi
2205 1740 2424 1787 atti-aelio·

315 1813 318 1816 ·
344 1799 416 1847 ms
451 1809 526 1843 aut
555 1797 807 1843 cohaefionis
838 1797 907 1842 vis
938 1796 1039 1842 effet
1058 1830 1073 1852 ,
1101 1808 1150 1842 ut
1181 1794 1455 1853 superficies,
1486 1796 1712 1844 minorum
1757 1798 1908 1856 utique
1937 1801 2251 1847 molecularum
2276 1832 2291 1853 ‚
2320 1812 2422 1843 cum

342 1858 495 1910 eadem
526 1856 730 1912 utrinque
760 1854 922 1913 figura,
954 1856 1098 1912 major
1127 1853 1210 1899 erit
1241 1853 1509 1911 superficies.
2409 1864 2413 1867 ’

409 1913 689 1972 Hypothefin
720 1925 916 1958 ceterum
958 1913 989 1958 sl
1020 1927 1122 1957 cum
1152 1913 1460 1969 experimento
1490 1910 1811 1969 comparaveris
1841 1947 1856 1969 ‚
1900 1914 2076 1969 perinde
2117 1913 2204 1957 fere
2247 1911 2424 1956 consen·

347 1972 433 2021 tire
463 1972 709 2026 videbitur,
738 1983 785 2015 ut
816 1986 917 2016 cum
950 1971 1274 2015 mathematum
1304 1970 1532 2015 elementis
1564 1971 1779 2015 consentit
1810 2002 1821 2013 .
1857 1970 2139 2027 Primumque
2166 2003 2180 2023 ,
2221 1968 2251 2013 fi
2283 1968 2426 2015 cordis

347 2031 448 2076 ‘vim
480 2045 580 2075 cum
610 2028 788 2086 fiphone
818 2028 1099 2082 anatomico,
1130 2026 1381 2085 sanguinem
1412 2042 1514 2071 cum
1544 2026 1698 2079 injecta
1716 2026 1895 2071 materie
1909 2024 2427 2081 ceraceacomparaveri5‚

348 2100 523 2133 certum
552 2085 611 2130 est
641 2101 814 2138 ceram,
845 2085 1075 2142 sebumque
1108 2083 1166 2146 in·
1184 2085 1378 2128 maxima
1408 2084 1505 2127 vasa
1535 2081 1625 2126 sola
1653 2095 1906 2139 penetrare,
1935 2084 1978 2127 ὃς
2009 2082 2271 2128 difficillime
2292 2082 2428 2127 subire

342 2144 396 2191 in
428 2145 623 2196 minora,
654 2156 746 2196 quae
777 2142 820 2184 &
852 2141 983 2185 crassa
1015 2152 1215 2184 materies
1262 2139 1313 2184 fit
1340 2172 1354 2193 ,
1399 2139 1443 2182 8<
1484 2151 1615 2183 tenax
1645 2172 1655 2182 .
1707 2139 1908 2195 Denique
1953 2146 2082 2185 tenue
2124 2139 2427 2185 terebinthinae

347 2202 502 2247 oleum
532 2199 579 2243 in
608 2198 795 2242 minima
814 2210 992 2253 quaeque
1023 2197 1251 2241 oculorum
1282 2195 1546 2251 aliarumque
1578 2194 1767 2251 partium
1788 2197 1987 2252 corporis
2018 2197 2196 2242 humani
2227 2197 2323 2242 vasa
2355 2210 2425 2253 pe·

344 2269 516 2307 neti-at.
549 2256 715 2299 Iterum
745 2265 915 2298 certum
946 2253 1003 2296 est
1022 2285 1035 2306 ,
1066 2267 1142 2308 per
1173 2268 1270 2297 mea
1300 2253 1629 2309 experimenta,
1660 2253 1704 2297 in
1737 2254 1957 2309 pulmonis
1989 2256 2196 2312 exemplo
2232 2290 2245 2311 ‚
2276 2256 2426 2313 gluten

349 2317 405 2361 de
436 2315 563 2359 siluro
594 2310 709 2368 pisce
740 2310 785 2354 in
818 2310 1025 2354 bronchia
1054 2309 1233 2372 decolor
1262 2309 1492 2365 tranfiiffe,
1523 2310 1565 2354 3<
1598 2311 1792 2356 caeruleas
1823 2311 1956 2357 indici
1987 2313 2167 2358 venenis
2197 2312 2425 2371 particulas

342 2373 399 2420 in
427 2370 597 2417 arteriis
626 2368 949 2426 pulmonalibus
979 2365 1227 2411 deseruisse,

411 2431 519 2476 Haec
550 2429 602 2472 de
634 2426 887 2472 humoribus
915 2460 928 2472 .
960 2423 1220 2469 Osculorum
1270 2438 1373 2469 vero
1420 2424 1623 2470 vasorum
1651 2423 1699 2469 *fi
1740 2424 1907 2470 diversa
1949 2426 2113 2472 lumina
2154 2425 2377 2483 repetieris
2405 2458 2420 2481 ,

350 2488 575 2549 probabile
606 2484 683 2530 fiet
716 2485 867 2540 utique
889 2519 902 2539 ‚
937 2481 1092 2527 venosa
1124 2481 1317 2526 maxima
1347 2481 1456 2537 effe,
1486 2496 1581 2538 quae
1610 2482 1807 2537 globulos
1840 2484 1989 2528 rubros
2033 2484 2270 2529 admittunt
2297 2517 2311 2537 ,
2343 2485 2428 2528 lata

347 2549 489 2593 etiam
520 2544 687 2598 oleosa,
717 2542 761 2586 ἃ
791 2541 994 2598 sanguine
1027 2539 1228 2595 proxime
1260 2539 1461 2601 minora,
1492 2541 1567 2595 qui
1598 2540 1844 2596 frequenter
1888 2555 1964 2596 per
2006 2556 2052 2585 ea
2101 2541 2187 2598 ipsa
2229 2549 2427 2597 erumpat

349 2604 434 2657 (i)
454 2638 465 2649 .
495 2603 615 2666 Ergo
645 2601 691 2645 in
722 2600 914 2664 adiposas
950 2597 1155 2651 cellulas,
1188 2609 1358 2653 penitus
1391 2612 1444 2641 ex
1478 2597 1674 2651 theoria,
1706 2612 1838 2642 omne
1883 2599 1970 2643 fere
2014 2613 2142 2654 genus
2183 2598 2345 2654 injefiae
2377 2596 2428 2645 ab

344 2659 617 2708 ¹anatomicis
647 2658 846 2705 materiei
874 2656 987 2704 subit
1013 2689 1029 2714 ‚
1057 2653 1206 2700 sebum
1236 2654 1374 2702 fusum
1391 2688 1407 2712 ,
1438 2655 1573 2701 etiam
1590 2653 1738 2701 ‘crasso
1767 2654 1913 2702 minio
1940 2656 2125 2702 tine‘tum
2159 2688 2176 2711 ‚
2205 2657 2338 2754 adeps1
2363 2668 2427 2755 cia-

2342 2724 2361 2754 e
2384 2725 2427 2754 a-

357 2847 2429 2876 mmm-*Qfflmm

401 2947 466 2988 (d)
491 2948 634 2981 Bianchc'
657 2947 693 2981 in
717 2946 853 2981 historia
888 2943 1043 2990 hepatica
1080 2943 1164 2978 edit.
1192 2945 1218 2978 1.
1248 2955 1284 2987 p.
1311 2954 1365 2985 37.
1424 2944 1507 2981 facit
1534 2944 1553 2978 1.
1582 2954 1611 2978 c.
1636 2953 1670 2985 p.
1698 2952 1773 2982 342.

356 2989 394 3023 a&
418 2993 487 3033 post
512 2993 800 3035 reprehensionem
824 2992 969 3033 Lancifti
993 2991 1074 3025 edit.
1103 3000 1199 3030 1725-
1223 2992 1320 3034 1284,
1470 2989 1524 3033 (g)
1551 2994 1589 3022 Ρ.
1617 2991 1653 3020 Α.
1680 2987 1874 3021 Miz-helom·
1907 2986 1932 3020 1.
1957 2996 1986 3020 c.
2012 2996 2046 3030 p.
2074 2995 2125 3030 35.
2169 2988 2224 3029 Jo.
2251 2982 2290 3019 de
2312 2985 2426 3020 Gom?

405 3031 460 3074 (Β)
485 3038 624 3072 Monuit
647 3038 818 3080 Lancifius
852 3037 1002 3072 Galleria
1036 3036 1072 3069 di
1097 3036 1256 3069 Minerva
1281 3042 1309 3067 t.
1335 3043 1367 3075 7·
1426 3036 1467 3071 de
1494 3034 1675 3068 secretione
1702 3042 1732 3064 2.
1760 3045 1795 3065 n.
1825 3044 1877 3073 53.

363 3089 399 3124 9.
426 3082 476 3116 98.
1474 3079 1532 3122 (h)
1556 3083 1695 3111 Lamure
1721 3078 1763 3110 de
1789 3077 1906 3112 secret.
1931 3087 1964 3123 p.
1989 3078 2046 3114 28·

411 3120 474 3168 (f)
497 3126 547 3162 Ut
569 3126 717 3164 Thomas
739 3130 885 3171 Margara
908 3128 968 3172 qui
991 3126 1106 3164 oleum
1121 3125 1218 3171 adipe
1235 3118 1368 3160 cramus
1473 3125 1528 3167 (i)
1553 3127 1594 3160 1..
1619 3134 1644 3159 ι.
1669 3131 1701 3164 p.
1727 3133 1785 3164 24·
