2534 3586
372 218 453 256 260
928 199 1859 251 LIB.W1.SECRET10.

371 269 471 312 thra
501 268 619 325 vidi,
651 281 743 327 quae
771 265 923 311 acriori
956 263 1102 317 aliquo
1134 261 1302 322 liquore
1336 259 1495 323 injecto
1517 259 1796 323 irritabatur,
1828 262 1870 304 ὃ(
1902 259 1947 303 in
1977 261 2145 307 narium
2158 264 2344 315 calidiori
2361 283 2427 315 ca»

368 327 547 371 tarrho.
580 328 657 371 Sed
691 326 819 369 etiam
853 320 1151 364 intestinorum
1184 331 1330 361 mucus
1364 330 1409 360 in
1440 318 1527 360 alvr
1560 318 1676 360 fluxu
1708 316 1888 371 aquosus
1920 317 2089 372 prodit.

429 383 500 427 Ex
532 384 654 427 classe
685 376 936 434 coagulabili
968 376 1070 420 alias
1104 374 1361 419 ostendimus
1394 374 1460 426 (x)
1488 406 1502 427 ,
1532 373 1700 418 nullum
1750 373 1925 429 alicujus
1967 374 2009 417 in
2061 375 2234 420 animali
2279 394 2434 435 corpo.

373 452 421 482 re
453 439 632 495 liquoris
663 436 809 479 colum
841 433 949 488 effe,
982 433 1097 488 quod
1130 431 1377 488 sanguinem
1407 430 1638 493 aliquando
1684 445 1774 474 non
1818 429 2096 476 transmiserit
2126 465 2139 486 ,
2184 433 2317 478 etiam
2361 449 2436 490 per

369 494 536 549 integra
567 506 749 548 organa,
780 491 904 535 facile
936 491 986 534 ad
1018 488 1266 546 legitimum
1297 501 1450 532 munus
1482 486 1916 544 reditura.Lympha
1947 502 2023 545 per
2053 490 2163 534 cutis
2194 505 2324 546 poros
2357 505 2436 547 pro

368 548 632 607 perspirabili
664 547 929 593 sancloriano
960 547 1004 591 in
1037 545 1264 600 ambustis,
1296 545 1342 589 in
1372 544 1518 589 vesicis
1548 543 1599 588 ab
1628 543 1716 588 acri
1750 559 1914 590 veneno
1945 545 2143 591 excitatis
2174 548 2437 604 excernitur3

371 609 517 649 eadem
549 605 593 648 in
626 606 772 650 locum
805 606 921 650 laclis
952 603 1110 649 uterini
1142 603 1235 659 post
1266 613 1438 658 parturn
1470 601 1653 646 succedit
1686 616 1762 657 per
1793 603 1933 657 plures
1975 602 2062 646 dies
2095 604 2137 647 8<
2169 605 2307 650 effluit
2332 638 2345 659 ‚
2395 606 2438 651 8<

371 662 417 706 in
450 662 622 707 cellulas
652 662 842 719 adiposas
875 665 994 720 (y),
1026 661 1304 716 medullaeque
1336 661 1438 717 (z)
1470 659 1751 715 cavernulas3
1784 659 1826 702 8<
1859 672 1936 715 per
1965 661 2193 716 pulmones
2222 694 2235 716 ,
2270 662 2438 718 vaporis

371 718 463 769 vias
496 718 637 765 secuta
668 732 919 773 excreatur,
949 720 992 763 ὃ(
1023 732 1114 774 quae
1147 719 1227 762 alia
1258 718 1381 773 hujus
1412 717 1577 774 generis
1613 716 1853 771 frequentia
1883 717 1986 761 alias
2018 730 2291 774 repetentur.
2475 716 2477 718 ’

429 776 501 819 Ex
533 777 675 821 oleosa
705 777 827 822 classe
859 775 1119 822 ostendimus
1139 809 1151 830 ,
1184 775 1229 819 in
1259 775 1506 819 cellulosam
1537 773 1835 819 subcutaneam
1867 775 1999 819 telam
2033 788 2114 831 pro
2132 776 2254 832 adipe
2285 789 2442 832 aquam

375 832 532 878 effundi
566 836 633 888 (a)
668 849 676 875 ε
711 837 753 880 8(
786 835 967 879 vicissim
999 835 1143 878 oleum
1178 847 1255 889 per
1296 830 1476 888 aquosos
1525 831 1779 876 mucososve
1830 831 2132 877 intestinorum
2174 834 2304 878 villos
2348 847 2440 889 ege-

372 890 482 948 stum
516 892 581 944 (b)
611 906 689 948 per
718 894 866 937 alvum
897 891 1177 944 descendere,
1208 902 1279 933 aut
1311 889 1484 944 vaporis
1516 890 1650 932 modo
1682 888 1883 933 exhalare
1927 890 1984 940 (c)
2017 920 2029 943 ‚
2071 901 2143 934 aut
2186 906 2285 939 cum
2331 890 2443 934 lotio

374 948 488 1004 egeri
526 948 618 1002 (d).
653 950 759 1002 Pus,
788 951 839 992 de
871 949 955 993 olei
988 961 1167 1004 genere,
1200 956 1315 990 certa
1364 959 1440 1000 per
1483 946 1685 1000 exempla
1731 946 1782 989 de
1833 947 2040 1001 pulmone
2082 948 2324 1005 resorptum
2369 961 2445 1002 per

374 1005 507 1050 urinae
541 1006 629 1049 vias
662 1006 767 1050 exiit
800 1010 856 1059 (e)
885 1038 894 1049 .
929 1005 1008 1048 Per
1051 1003 1206 1048 resessa
1250 1001 1416 1046 vascula
1463 1014 1639 1046 cutanea
1674 1033 1686 1054 ,
1728 1001 1772 1043 in
1814 1003 2058 1048 vulneribus
2100 1006 2254 1061 primis
2299 1005 2473 1048 diebus*

375 1073 503 1107 tenue
536 1062 672 1107 serum
705 1063 889 1107 destillat
909 1097 922 1117 ,
954 1061 1104 1105 deinde
1135 1060 1259 1104 sexto
1290 1059 1358 1103 die
1388 1092 1400 1113 ,
1432 1060 1473 1104 8<
1506 1058 1578 1114 qui
1626 1058 1859 1113 sequuntur
1889 1091 1901 1112 ,
1942 1061 2090 1105 crudus
2133 1062 2174 1106 8<
2219 1061 2444 1107 dissolutus

375 1121 528 1177 adeps,
561 1120 601 1163 8<
635 1121 817 1176 denique
850 1135 926 1176 pus
959 1118 1068 1175 (f).
1103 1115 1558 1173 Elim-vulgatissimo
1590 1116 1891 1171 experimento
1922 1149 1934 1168 ,
1978 1118 2147 1172 quoties
2199 1121 2250 1163 ab
2280 1118 2442 1164 intesti-

377 1178 443 1222 nis
477 1177 690 1222 avertitur
715 1211 727 1232 ‚
760 1178 803 1220 in
836 1178 983 1221 oculos
1016 1176 1132 1232 (vg),
1167 1175 1212 1218 in
1243 1174 1413 1219 urinam
1443 1208 1456 1228 ,
1488 1174 1533 1218 in
1562 1172 1742 1216 salivam
1788 1171 1854 1224 (b)
1895 1174 2079 1230 denique
2126 1177 2271 1221 tranfit
2298 1209 2307 1220 .
2354 1176 2445 1219 Lac

373 1236 429 1277 ‘de
461 1235 664 1278 mammis
695 1234 1009 1290 repercuffum,
1042 1247 1117 1288 per
1146 1232 1344 1275 diabeten
1375 1231 1475 1275 alias
1507 1230 1596 1274 exit
1631 1230 1686 1282 (i)
1711 1262 1723 1283 ,
1755 1229 2002 1286 frequenter
2045 1247 2121 1288 per
2161 1234 2302 1278 albam
2332 1233 2443 1277 char*

378 1292 547 1336 :rhoeam
582 1292 642 1344 (k)
673 1326 685 1346 a
717 1292 946 1347 aliquando
979 1305 1056 1346 per
1086 1291 1181 1333 vasa
1213 1288 1401 1333 salivalia
1432 1286 1572 1342 (k*).-
1603 1287 1702 1331 alias
1737 1289 1905 1343 vaporis
1950 1290 2096 1334 locum
2148 1291 2287 1336 tenuit
2321 1323 2334 1344 ,
2383 1290 2445 1333 in-

374 1361 463 1405 ·que
494 1349 736 1391 abdominis
769 1363 943 1391 caveam
975 1348 1028 1401 (J)
1059 1346 1148 1389 suas
1182 1361 1257 1401 per
1287 1347 1407 1389 dotes
1437 1356 1592 1389 notum
1617 1377 1630 1398 ,
1662 1345 1877 1390 exhalavit
1906 1378 1919 1399 ,
1964 1346 2007 1390 ὅ(
2052 1346 2250 1392 intestina
2292 1347 2447 1393 oblini-

378 1405 471 1449 vit‚
507 1405 585 1447 Sed
619 1406 752 1448 etiam
787 1419 861 1460 per
894 1403 1071 1447 femoris
1105 1403 1285 1458 pustulas
1317 1404 1394 1454 (m)
1425 1435 1439 1458 ‚
1471 1415 1630 1458 perque
1673 1403 1812 1447 vulvae
1855 1403 1966 1448 labia
2012 1405 2102 1448 veri
2148 1405 2266 1449 laetis
2309 1404 2449 1462 specie

379 1460 624 1506 exsudavit·
659 1462 751 1506 Lac
783 1461 964 1505 lochiale
998 1463 1089 1514 (n),
1121 1460 1193 1504 suo
1225 1475 1420 1508 cremore
1454 1459 1731 1516 conspicuum
1765 1492 1778 1512 ,
1810 1474 1886 1516 per
1926 1462 2075 1506 alvum
2117 1462 2287 1507 effluxit
2318 1496 2328 1506 .
2371 1461 2448 1505 Vi-

378 1518 540 1564 tiosum
572 1520 755 1575 denique
775 1519 875 1563 ‘laxi
909 1517 1017 1562 uteri
1051 1518 1113 1560 lac
1150 1549 1162 1570 ,
1194 1517 1311 1571 quod
1341 1517 1425 1560 albi
1457 1516 1605 1560 fluoris
1638 1516 1816 1560 nomine
1846 1518 1969 1563 venit
1994 1551 2008 1573 ,
2040 1520 2082 1563 8<
2114 1533 2190 1575 per
2220 1521 2447 1576 pulmones

377 1576 494 1621 tussis
526 1578 588 1629 (0)
618 1576 755 1632 specie
777 1609 789 1628 ,
821 1576 862 1619 ὃ(
896 1589 972 1631 per
1004 1574 1121 1630 pedis
1154 1573 1354 1618 sudorem
1384 1575 1469 1628 (p)
1500 1574 1558 1618 ita
1590 1585 1846 1618 evacuatum
1879 1575 1936 1619 est
1963 1609 1976 1630 ,
2010 1587 2057 1619 ut
2090 1578 2252 1621 alterne
2285 1575 2447 1620 veriori

375 1634 503 1679 succo
535 1636 681 1679 locum
712 1634 929 1678 redderet.
962 1631 1109 1689 Magis
1141 1632 1353 1686 paradoxa
1385 1630 1578 1684 omitto,
1610 1641 1656 1674 ut
1688 1631 1904 1676 calculosae
1935 1632 2130 1677 materiei
2161 1650 2185 1678 a
2215 1634 2382 1679 renibus
2396 1633 2446 1676 ad

377 1693 527 1735 dentes
559 1691 881 1737 revolutionem
913 1692 978 1745 (q)
1008 1690 1050 1734 ὃ(
1080 1704 1103 1732 a
1133 1699 1277 1733 curata
1307 1689 1496 1746 podagra
1530 1684 1698 1746 saccum
1729 1700 1858 1734 aortae
1890 1690 2204 1746 adhaerentem,
2234 1705 2367 1748 quem
2383 1702 2452 1735 to·

379 1751 542 1806 phacea
574 1748 773 1793 materies
806 1749 1021 1805 replebat.²
2474 1753 2477 1755 ’

434 1805 622 1863 Quando
654 1808 742 1849 haec
774 1807 973 1862 exempla
1005 1815 1247 1862 repetemus
1278 1839 1291 1860 ‚
1323 1801 1564 1859 constabit,
1596 1816 1685 1849 non
1718 1803 1903 1863 ejusdem
1935 1804 2058 1851 unice
2090 1806 2226 1851 classis
2257 1803 2446 1849 diversos

377 1860 583 1909 humores
616 1863 685 1908 sua
717 1864 831 1908 inter
860 1863 899 1907 se
932 1865 1025 1908 cola
1057 1875 1329 1908 commutare
1360 1897 1373 1918 ,
1419 1863 1486 1907 sed
1519 1862 1649 1908 etiam
1684 1877 1761 1918 per
1792 1864 1907 1908 muci
1940 1879 2098 1921 organa
2141 1876 2294 1917 aquam
2321 1893 2334 1913 ,
2368 1874 2445 1915 per

380 1922 527 1975 muci,
556 1936 673 1978 aquae
703 1922 745 1964 ἃ
777 1921 913 1977 adipis
947 1922 1041 1965 cola
1073 1921 1300 1976 lympham
1331 1921 1372 1965 δε
1404 1921 1651 1979 sanguinem
1672 1952 1684 1973 ,
1718 1934 1793 1975 per
1822 1935 1938 1975 aquae
1957 1953 1970 1973 ,
2004 1920 2145 1972 muci,
2176 1918 2217 1960 ὃ(
2252 1917 2443 1973 lymphae

381 1978 474 2022 vias
506 1979 704 2035 adipem,
738 1979 868 2023 bilem
888 2012 900 2033 ,
932 1978 1263 2036 sanguinemque
1296 1977 1482 2032 secerni,
1514 1990 1640 2032 atque
1672 1978 1775 2021 adeo
1810 1977 1993 2028 omnino
2027 2010 2041 2030 ,
2086 1976 2253 2020 nullum
2285 1975 2330 2017 in
2360 1972 2447 2016 ani-

381 2044 504 2081 ‘mato
538 2051 721 2093 corpore
755 2036 1064 2092 separatorium
1098 2049 1308 2092 organum
1343 2035 1451 2090 effe,
1482 2035 1598 2089 quod
1630 2046 1719 2077 non
1764 2032 1963 2076 omniurn
2012 2032 2203 2077 claflium
2248 2032 2452 2074 humores

383 2094 469 2138 suis
502 2109 600 2138 cum
632 2094 805 2137 dotibus
838 2093 1050 2137 secernere
1082 2105 1233 2148 queat.

438 2149 595 2193 Liceat
627 2151 731 2193 artis
764 2162 941 2194 conatus
975 2164 1073 2194 cum
1120 2161 1277 2192 naturae
1322 2146 1624 2193 moliminibus
1674 2143 1938 2203 conjunxisse
1966 2179 1977 2190 .
2024 2145 2172 2189 Etiam
2213 2142 2450 2189 anatomici

386 2214 539 2254 manus
570 2206 695 2253 facile
726 2205 924 2262 obtinet,
956 2218 1002 2251 ut
1034 2204 1447 2263 oleum,*adepsque
1479 2204 1637 2249 calidus
1668 2217 1745 2259 per
1788 2202 1937 2248 omnia
1979 2215 2096 2259 aquae
2146 2201 2349 2250 destinata
2380 2216 2450 2245 co·

748 2312 789 2327 l
2399 2260 2455 2314 la,

429 2581 488 2627 (x)
516 2586 542 2616 L
567 2584 615 2629 ll.
631 2581 824 2625 p-79.L.10
840 2589 871 2623 p.
888 2578 1022 2621 25.*&c.
1493 2576 1550 2622 (h)
1576 2578 1685 2615 Saliva
1712 2578 1843 2613 {uertet
1869 2590 1983 2613 crocea
2012 2578 2065 2613 Ill.
2095 2576 2310 2620 Valcarenghi
2333 2574 2453 2609 medic.

425 2631 491 2670 (Υ)
517 2630 592 2660 L·1=
612 2638 642 2669 P·
659 2639 713 2667 30·
1447 2627 1568 2659 ration.
1597 2636 1628 2668 p.
1655 2635 1729 2663 241.

425 2672 479 2718 (Ζ)
508 2678 547 2707 In
574 2671 735 2706 rechitide
754 2694 762 2703 .
1494 2669 1544 2711 (i)
1573 2675 1607 2704 C.
1625 2673 1782 2712 stalpart
1807 2671 1932 2703 vander
1960 2673 2044 2704 Wiel
2069 2673 2204 2703 Centur.
2229 2670 2272 2701 ΙΙ.
2297 2665 2361 2699 obs.
2381 2668 2431 2706 38.

424 2721 485 2763 (a)
512 2723 549 2751 L.
566 2720 589 2751 Ι.
610 2730 640 2761 p.
655 2729 710 2758 30.
1452 2751 1454 2753 ,
1495 2716 1560 2755 (k)
1586 2719 1614 2757 J.
1636 2720 1686 2748 M.
1702 2715 1867 2755 Hoffmann
1893 2716 2052 2760 disquisit.
2079 2723 2169 2748 anat.
2196 2713 2326 2757 pathol.
2345 2715 2454 2754 p.162.

425 2765 485 2805 (b)
508 2767 542 2795 P.
562 2774 619 2803 19.
1449 2762 1587 2793 Smellie
1614 2760 1800 2802 midvvisry-
1831 2773 1863 2804 p.
1891 2772 1966 2800 4²0·

428 2809 478 2853 (c)
503 2814 539 2842 P.
565 2820 615 2848 30·
1497 2807 1585 2845 (kss)
1611 2810 1659 2839 Ei:
1688 2805 1833 2839 Dolaen.

428 2855 491 2895 (d)
519 2852 665 2886 Praeless.
692 2853 806 2886 Boerb.
829 2858 852 2884 t.
870 2863 899 2892 3.
927 2863 956 2893 p.
980 2861 1055 2891 ηρ,
1083 2851 1206 2884 Oleum
1233 2850 1393 2893 amygda-
1498 2848 1546 2893 (1)
1573 2854 1681 2884 Mem.
1706 2851 1746 2885 de
1772 2853 1796 2884 l’
1814 2851 1916 2885 Acad.
1944 2856 2029 2893 Roy.
2056 2850 2116 2884 des
2139 2848 2267 2882 selenc,
2298 2851 2396 2888 1746.
2423 2857 2458 2890 p.

385 2898 495 2933 larum
521 2907 578 2942 per
601 2899 732 2932 urinam
752 2897 922 2931 redditum
934 2896 1059 2931 Michel
1076 2899 1164 2931 Obff.
1182 2895 1234 2931 sur
1250 2895 1280 2928 le
1298 2897 1393 2939 pouls
1454 2901 1528 2929 161.

413 2951 483 2976 .61.
1213 2964 1218 2973 .
1498 2937 1571 2982 (m)
1597 2944 1713 2982 Journ.
1741 2942 1799 2975 des
1825 2944 1947 2976 Savans
1978 2945 2073 2981 1683.

436 2985 485 3028 (e)
513 2985 693 3030 Vieuffens*
711 2988 839 3022 observ.
874 2987 1009 3022 d'anat,
1049 2990 1080 3022 δι
1116 2987 1156 3021 de
1182 2985 1337 3033 pratique
1362 2995 1394 3030 p.
1500 2987 1563 3027 (n)
1589 2985 1654 3027 jul.
1682 2986 1777 3027 Ofrai
1802 2987 1866 3019 obs.
1893 2988 1930 3018 de
1957 2987 2109 3029 pratique
2133 2985 2231 3017 n.23.

390 3042 469 3071 3²¹·
1501 3029 1556 3073 (o)
1584 3029 1756 3063 Prodrom.
1784 3032 1858 3065 Ae't.
1886 3032 1980 3064 Med.
2007 3028 2172 3063 hafniens.
2198 3029 2239 3063 ad
2265 3029 2323 3061 fin.

437 3074 488 3117 (f)
516 3077 643 3118 Bagieu
669 3076 708 3109 de
732 3085 861 3119 amput.
886 3090 918 3123 p.
935 3090 1013 3121 405.
1505 3077 1565 3119 (p)
1592 3074 1677 3118 Eph·
1696 3080 1777 3109 Nat.
1794 3081 1871 3110 Cur.
1888 3077 1958 3108 vol.
1972 3080 2002 3109 8.
2021 3075 2087 3109 obs.
2103 3077 2152 3115 38,

440 3117 498 3163 (g)
522 3119 651 3163 Lancf's.
677 3122 747 3156 diss-
776 3124 877 3165 Epist.
905 3127 973 3160 ΠΙ.
999 3125 1039 3159 de
1056 3124 1173 3159 secret.
1505 3121 1565 3165 (q)
1592 3125 1739 3161 Brouzet
1765 3122 2038 3159 Educat.medic-
2055 3121 2111 3157 des
2127 3119 2244 3156 enfans
2258 3127 2283 3155 t.
2300 3133 2327 3157 1.
2341 3131 2372 3165 p.
2388 3121 2461 3161 380·
