2534 3586
807 173 1605 221 SECT.II.CRUOR.
2184 188 2237 229 71

169 235 327 283 stillare
358 236 574 294 coegeris.
606 235 737 292 Aqua
768 250 872 279 vero
903 235 944 279 8<
976 233 1034 278 sal
1065 234 1110 278 in
1140 232 1292 290 spiritu
1324 247 1370 277 ea
1400 232 1567 277 ratione
1599 229 1831 294 miscentur
1855 261 1868 284 ,
1897 244 1949 294 ,⁶³³5
1981 229 2232 294 qumzmdi

169 294 379 355 Vieuffens
409 295 738 351 experimento,
769 306 814 338 ut
848 293 894 337 in
922 293 1125 336 drachma
1157 290 1417 348 phlegmatis
1443 323 1457 344 ,
1488 304 1615 347 grana
1644 289 1738 333 salis
1771 288 1964 332 volatilis
1996 289 2155 351 yiginti
2186 290 2231 334 ὃ(

167 352 331 409 septem
363 351 782 407 (m)>colquuescant
805 383 815 394 .
865 348 1097 394 Urinosam
1142 360 1342 410 naturam
1372 382 1388 403 ,
1428 361 1573 410 quam·
1606 347 1834 409 alcalinam
1875 346 2106 410 yolatilem
2133 362 2229 410 ‘vo-

168 420 268 454 cant
288 444 301 466 ‚
332 411 442 455 odor
471 410 596 455 facile
630 409 774 464 prodit
795 442 808 463 ,
839 407 882 453 8<
914 422 1014 451 curn
1047 405 1199 462 spiritu
1242 405 1334 449 salis
1377 404 1522 449 aliisve
1553 405 1683 449 acidis
1736 404 1973 461 liquoribus
2005 403 2228 448 familiaris

167 467 315 514 fervor
342 469 435 522 (n).
468 468 515 511 A
544 466 699 521 spiritu
730 478 878 510 tamen
908 464 1038 509 urinae
1068 465 1109 509 &
1141 477 1275 508 cornu
1306 462 1424 507 cervi
1457 463 1604 518 aliquo
1632 461 1882 507 discrimine
1911 461 2054 506 differt
2087 462 2172 512 (0).

226 527 384 570 Praeter
413 539 512 569 eum
544 524 674 568 salem
705 524 851 568 oleum
883 522 927 566 in
959 520 1172 578 sanguinis
1203 520 1354 575 spiritu
1386 519 1637 565 continetur
1668 537 1677 563 :
1720 534 1822 565 cum
1867 529 1974 575 aqua
2017 518 2134 564 enim
2168 520 2228 564 la·

165 580 311 626 &escit
343 583 435 637 (ρ’.)
454 615 468 636 ,
499 595 683 637 cumque
714 581 816 625 nitri
849 578 1031 636 spiritu,
1062 577 1157 633 post
1188 575 1364 621 solitum
1409 578 1629 622 fervorem
1655 611 1669 632 ,
1715 577 1848 623 crusta
1877 577 2020 622 oleosa
2050 577 2233 633 pavoni·-

171 640 238 684 nis
270 639 485 684 coloribus
517 640 633 682 varia
665 638 848 682 nascitur
877 638 965 691 (q).
998 636 1078 680 Sed
1121 647 1260 689 neque
1302 633 1431 677 acidae
1476 646 1634 679 naturae
1679 635 1851 693 vestigia
1902 633 2229 680 obscura'sunt.

167 696 291 741 Idem
322 696 440 740 enim
470 695 686 740 rubescens
719 695 891 751 spiritus
923 693 1096 736 succum
1125 691 1385 746 heliotropii
1437 691 1566 734 rubro
1615 692 1760 735 colore
1809 692 1942 749 tingit
1974 695 2059 746 (r),
2092 692 2231 737 inaxi-

163 767 235 798 me
268 754 296 798 s1
329 768 460 798 morae
491 753 760 808 aliquantum
792 748 1044 794 concesseris
1065 781 1078 802 ,
1109 759 1156 792 ut
1189 748 1383 794 volatilis
1428 746 1623 793 urinosus
1669 747 1728 792 sal
1760 750 1909 810 avolet
1940 750 2056 806 (s);
2092 763 2231 805 neque

161 811 235 856 hic
265 826 288 854 a
318 811 414 855 rufo
445 809 604 865 pariter
630 811 683 852 de
715 807 873 863 plantis
904 805 1091 850 stillante
1123 804 1278 861 spiritu
1308 805 1433 849 distat
1465 807 1583 859 (t).
1631 805 1722 868 Sed⁸
1751 806 1882 850 etiam
1916 820 1969 850 ex
1999 806 2120 851 urina
2153 822 2228 863 pu-

160 869 273 913 trida
305 868 398 918 (u),
427 866 469 909 8<
502 879 555 909 ex
584 878 708 908 carne
739 867 835 918 (x)
867 897 881 917 ‚
928 875 1021 919 quae
1051 863 1306 917 contabuit,
1336 863 1452 908 rufus
1485 863 1601 907 latex
1633 863 1881 916 obtinetur,
1912 864 1960 908 in
1989 877 2077 920 quo
2108 878 2226 911 notae

160 924 297 969 acoris
329 921 571 978 supersunt.
606 920 727 965 Idem
760 920 958 977 liquona
988 921 1175 965 volatili
1194 921 1277 965 sale
1309 918 1554 977 separatus,
1574 921 1701 976 -quod
1748 919 1985 966 refflficare
2016 935 2176 966 vocant
2208 956 2226 978 ,

159 979 387 1027 manifesto
417 978 579 1023 austero
610 978 652 1022 &
683 979 807 1023 acido
837 977 986 1035 sapore
1017 977 1074 1021 est
1107 979 1197 1034 (y)
1227 1010 1241 1022 .
1289 978 1517 1034 Scaturigo
1557 978 1735 1035 quidem
1766 978 1890 1034 huius
1936 980 2075 1024 acoris
2106 978 2224 1030 nihil

159 1038 282 1083 valde
314 1034 480 1080 obscuri
512 1036 672 1093 habet;
702 1051 728 1079 a*
755 1037 840 1081 sale
879 1035 1053 1080 marino
1093 1049 1183 1079 non
1225 1034 1366 1080 oritur
1394 1067 1408 1088 ‚
1458 1050 1558 1085 cum
1600 1049 1655 1078 ex
1685 1033 1887 1092 sanguine
1931 1036 2180 1092 viperarum
2211 1069 2228 1093 ,

155 1093 338 1152 piscium
360 1127 375 1147 ,
404 1093 450 1137 in
478 1093 668 1138 dulcibus
701 1094 827 1150 aquis
862 1091 1149 1137 habitantium
1181 1095 1279 1149 (z)
1307 1125 1322 1147 ‚
1364 1093 1408 1136 ὃς
1438 1091 1736 1146 aquaticarum
1779 1093 1929 1137 avium
1960 1094 2144 1138 omnino
2175 1093 2226 1138 fi-

150 1151 298 1206 milis,
331 1149 372 1193 8<
407 1150 584 1206 perinde
614 1151 755 1195 acidus
802 1149 974 1207 spiritus
1020 1149 1220 1206 eliciatur
1252 1180 1262 1192 .
1305 1149 1353 1192 A
1403 1149 1516 1193 male
1558 1148 1754 1205 superata
1803 1150 2035 1206 vegetabili
2079 1151 2228 1195 indole

147 1208 295 1266 potius
327 1206 439 1253 nasci
474 1208 648 1252 videtur
677 1207 807 1266 (ζ’)
833 1242 846 1262 ‚
890 1220 995 1263 quae‘
1014 1206 1165 1263 sponte
1208 1205 1276 1250 sua
1306 1206 1357 1250 ad
1387 1221 1562 1251 acorem
1611 1206 1786 1263 vergit3
1820 1207 1969 1251 omnia
1999 1221 2105 1251 vero
2137 1207 2226 1252 ani-

148 1266 279 1310 malia
319 1276 391 1309 aut
437 1264 534 1320 ipsis
587 1266 760 1321 plantis·
790 1266 1006 1317 aluntur,
1052 1276 1123 1308 aut
1166 1273 1282 1308 certe
1322 1262 1419 1308 aliis
1462 1263 1747 1317 animalibus,
1778 1276 1971 1319 quorum
2000 1263 2139 1310 viscus
2170 1279 2228 1310 ex

147 1322 290 1367 herbis
320 1322 406 1367 est.
441 1322 610 1366 Deinde
629 1356 642 1376 ,
674 1338 774 1368 cum
804 1323 1020 1379 pinguedo
1048 1321 1248 1365 animalis
1278 1320 1501 1380 insigniter
1542 1331 1660 1375 aceat
1691 1322 1783 1376 (a),
1806 1321 1919 1367 nihil
1949 1322 2113 1367 mirum
2140 1322 2228 1367 fue-

145 1380 206 1425 rit
227 1412 240 1433 ,
270 1378 300 1424 fi
331 1379 378 1424 in
409 1378 570 1437 pingui
600 1379 754 1436 spir-itu
783 1381 921 1425 acoris
951 1378 1126 1437 vestigia
1157 1379 1341 1423 fuerint.
1375 1379 1585 1425 Ceterum
1630 1378 1793 1424 acrior‘*
1818 1380 1997 1436 utique,
2027 1379 2070 1423 &
2106 1382 2227 1426 totus

145 1436 296 1495 igneus
328 1438 381 1480 de
411 1435 610 1494 sanguine
648 1436 822 1493 spiritus
850 1436 1036 1482 ascendit
1061 1469 1076 1492 ‚
1121 1438 1292 1493 quando
1323 1437 1374 1481 de
1405 1437 1583 1483 admista
1612 1437 1726 1482 calce
1758 1436 1941 1483 destillat
1962 1471 1979 1494 ,
2006 1450 2100 1494 quae
2129 1453 2226 1483 aco·

146 1509 241 1539 rem
273 1492 538 1550 superstitem
571 1493 752 1539 destruat
789 1495 880 1547 (b).
1637 1524 1643 1526 -
2212 1506 2215 1510 ·

192 1549 382 1606 surinus
410 1551 629 1608 duplicem
659 1552 872 1609 sanguinis
917 1551 1120 1609 spiritum
1162 1550 1267 1596 fecit
1300 1584 1315 1606 ,
1345 1551 1602 1598 debiliorem
1644 1551 1839 1609 primum
1869 1587 1883 1608 ‚
1925 1551 2001 1609 qui
2034 1553 2228 1610 pondere

148 1616 297 1652 tamen
325 1621 480 1670 aquam
509 1609 676 1671 superat
696 1642 709 1663 ‚
740 1611 876 1665 adque
910 1624 1009 1653 eam
1041 1609 1081 1653 se
1114 1610 1243 1655 habet
1275 1609 1341 1656 uti
1381 1625 1487 1667 1007
1519 1611 1570 1654 ad
1607 1626 1713 1655 1000
1745 1611 1860 1664 (c),
1891 1610 1989 1655 inde
2020 1611 2230 1656 meracio-

147 1679 272 1719 rem,
302 1677 380 1720 qul
411 1664 461 1708 fit
491 1676 556 1709 uti
596 1669 701 1709 1080
730 1667 780 1709 ad
823 1681 857 1709 i.
890 1667 989 1720 (d).
1062 1668 1067 1670 ’
1318 1684 1320 1686 ·
1608 1691 1612 1693 ⁴

208 1721 444 1765 Rationem
469 1753 483 1775 ‚
513 1735 643 1777 quam
679 1722 853 1779 spiritus
886 1725 937 1766 ad
966 1722 1255 1780 >sanguineum
1287 1738 1491 1781 grumum
1534 1723 1687 1770 siccum
1718 1725 1849 1769 habet
1874 1757 1889 1780 ,
1930 1740 1984 1768 ex
2014 1738 2106 1782 quo
2134 1738 2233 1782 pro·

146 1778 236 1830 dit,
268 1778 465 1839 adeoque·
491 1780 541 1822 ad
574 1790 723 1823 totum
756 1779 1005 1836 sanguinem
1033 1814 1046 1835 ,
1079 1781 1240 1825 iterum
1272 1782 1441 1826 variam
1471 1782 1707 1838 reperimus
1734 1815 1748 1837 ,
1779 1782 2062 1840 qumundus
2093 1780 2234 1838 Vieus-

140 1832 238 1897 seps
269 1846 322 1875 ex
353 1847 491 1896 unciis
529 1851 608 1890 179
643 1834 858 1893 sanguinis
905 1837 951 1880 in
997 1837 1141 1892 priori
1191 1840 1495 1894 experimento
1523 1872 1537 1893 ‚
1586 1839 1631 1883 &
1673 1839 1941 1884 craffamenti
1985 1839 2083 1884 sicci
2113 1839 2234 1884 libris

145 1888 514 1952 tribus-‚spiritus
536 1892 701 1955 ‘edu-xit
734 1894 1042 1955 draclimasass
1075 1909 1206 1950 grana
1239 1912 1292 1951 30
1325 1900 1409 1949 (e)
1439 1912 1449 1939 :
1503 1896 1550 1940 in
1590 1898 1675 1941 alio
1705 1911 1813 1941 vero
1844 1897 2148 1954 experimento
2180 1910 2236 1940 ex

148 1946 359 2010 sanguinis
390 1958 548 2011 integri
598 1948 716 2011 libris
773 1950 845 1992 sex
886 1950 1023 1994 unciis
1071 1964 1294 2006 quatuor,
1338 1952 1434 1997 ficei
1484 1957 1586 1997 ve'ro
1637 1952 1800 1999 cruoris
1850 1955 1987 1999 unciis
2031 1954 2236 2011 viginti,

150 2018 337 2066 omnino
365 2003 536 2067 spiritus
569 2019 712 2050 uncias
743 2006 892 2052 decem
917 2040 931 2061 ,
961 2007 1276 2063 drachmasque
1308 2008 1504 2065 septem,
1534 2010 1621 2056 five
1653 2012 1750 2068 plus
1784 2011 1965 2057 dimidia
1997 2023 2117 2068 parte
2150 2011 2232 2067 spi-

149 2071 256 2105 ritus
288 2062 432 2105 elicuit
465 2061 579 2118 (f),
610 2076 702 2118 quae
735 2064 919 2120 quidem
951 2064 1076 2121 copia
1110 2066 1313 2120 priorem
1346 2068 1540 2112 multum
1582 2068 1750 2125 superat
1783 2101 1794 2113 .
1837 2068 2098 2113 Gualtherus
2127 2070 2234 2111 Nee-

151 2115 279 2160 dham
311 2131 365 2160 ex
395 2116 503 2181 sapae
532 2119 743 2182 sanguinis
775 2122 957 2171 humani
991 2122 1128 2167 unciis
1170 2122 1242 2167 sex
1283 2123 1459 2180 spiritus
1502 2126 1648 2170 uncias
1680 2129 1774 2171 tres
1797 2127 1989 2171 obtinuit
2018 2159 2032 2171 f
2081 2126 2232 2170 Proxi-

151 2188 225 2221 ma
256 2172 436 2237 Ermelzg
466 2174 524 2237 est
554 2187 668 2221 ratio
696 2178 769 2234 qui
787 2179 993 2225 xdimidiae
1025 2180 1138 2236 parti
1169 2179 1387 2239 sanguinis
1440 2180 1562 2228 suum
1608 2182 1811 2239 spiritum
1841 2185 2050 2241 aequalem
2080 2183 2231 2228 habuit

154 2229 300 2288 Μ’),
330 2231 559 2277 dimidiam
589 2247 693 2291 ergo
723 2246 894 2292 partem
924 2238 1059 2286 totius
1090 2237 1196 2296 sapae
1234 2243 1302 2296 (g)
1332 2242 1477 2298 grumi
1515 2255 1631 2296 ,vero
1661 2241 1729 2297 ἐς
1755 2242 1937 2297 jacobus
1976 2240 2105 2296 Jurin
2135 2240 2234 2341 (ἰὴί

2160 2312 2214 2343 ve

138 2487 142 2497 Ι
158 2457 2220 2492 mm—*m—m———mssffl-—

201 2553 274 2597 (m)
302 2553 466 2597 Vieuff'ens
494 2554 622 2598 presace
647 2568 712 2592 aux
739 2557 825 2591 deux
850 2560 1109 2598 differtations,
1268 2563 1328 2604 (zi
1354 2565 1515 2610 Hornberg
1540 2564 1564 2599 l.
1582 2578 1607 2601 c.
1623 2577 1652 2611 p.
1670 2578 1722 2606 ις.
1741 2565 1885 2600 Lucium
1911 2565 2033 2609 piscem
2062 2561 2231 2596 nominat·

205 2600 267 2643 (n)
293 2604 396 2643 Boyle
420 2609 572 2644 apparat.
597 2613 631 2646 p.
661 2614 715 2645 97,
752 2604 913 2651 Homberg
939 2608 963 2640 l.
992 2618 1022 2643 c.
1045 2619 1081 2654 p.
1108 2619 1163 2645 1².
1266 2610 1344 2656 (τ’)
1370 2617 1548 2647 Neammm
1573 2614 1655 2647 edit.
1679 2613 1870 2647 Zimmerm·
1896 2621 2045 2654 P·1220·

156 2650 253 2681 Grew
283 2649 290 2678 l
330 2658 361 2679 c.
388 2658 418 2688 p.
449 2657 524 2686 251.
1265 2657 1321 2697 (a)
1349 2663 1386 2691 L.
1415 2662 1444 2692 Ι.
1470 2669 1502 2702 p.
1528 2668 1583 2692 21.
1608 2670 1662 2692 2².

201 2692 255 2735 (o)
284 2695 384 2734 Boyle
410 2698 561 2734 apparat.
587 2702 619 2735 p.
649 2705 702 2735 97.
978 2708 985 2711 “
1266 2703 1324 2747 (b)
1351 2706 1454 2746 Eoyle
1478 2704 1549 2737 hist.
1575 2703 1724 2747 sanguin.
1748 2701 1892 2747 append·
1917 2711 1954 2745 P·
1980 2711 2033 2743 30·
2061 2711 2105 2745 3¹·
2130 2705 2232 2744 ²1²&

200 2736 257 2781 (p)
285 2739 440 2779 Vltrheyen
468 2737 493 2769 la
517 2748 544 2770 c.
571 2749 610 2789 p..
632 2751 686 2780 33.
1221 2756 1284 2782 rat.
1312 2760 1341 2793 p.
1372 2760 1445 2790 135.

197 2785 256 2826 (q)
281 2785 384 2825 chle
409 2782 552 2825 append.
581 2783 649 2818 hist*
678 2785 762 2828 sang.
791 2796 888 2830 1239.
1268 2790 1322 2835 (c)
1341 2797 1450 2837 Jurin
1478 2800 1508 2840 p.
1542 2799 1615 2829 106.

201 2827 252 2867 (r)
284 2826 442 2869 Homberg
468 2829 490 2860 l.
516 2838 546 2860 c.
573 2828 771 2873 Ramberger
796 2844 826 2876 p.
857 2845 909 2867 ιο.
1261 2838 1321 2884 (d)
1349 2840 1438 2874 Ibid-

200 2871 253 2910 (ς)
278 2876 436 2914 Macquer
462 2871 604 2915 Chymie
631 2877 782 2921 pratique
808 2887 831 2911 t.
847 2891 876 2912 2.
903 2889 933 2922 p.
951 2883 1030 2921 467.
1263 2885 1318 2930 (e)
1342 2886 1461 2920 Traite
1486 2885 1545 2920 des
1568 2885 1717 2930 liqueurs
1742 2894 1772 2931 p.
1789 2885 1840 2920 18.

200 2916 255 2954 (t)
279 2917 570 2970 liunberg—Mem.
594 2920 636 2954 de
661 2922 785 2956 l’Acad.
816 2934 911 2965 1709.
938 2936 971 2970 p.
989 2937 1066 2968 354.
1262 2932 1322 2976 (f)
1350 2931 1436 2964 Ibid.
1477 2948 1487 2951 ’ν
1512 2954 1514 2956 »

200 2956 259 3002 (υ)
290 2960 381 3015 Idem.
407 2963 488 2997 ibid.
517 2976 613 3005 17¹²·
641 2976 673 3010 p.
703 2978 781 3008 ²74·
1262 2976 1353 3018 (ξ’)
1377 2981 1476 3009 Anat.
1503 2987 1532 3018 p*
1561 2985 1616 3013 72.

198 3005 259 3044 (x)
283 3007 415 3040 Navm
437 3009 460 3042 1.
485 3020 513 3043 c.
540 3004 627 3045 Cum
653 3011 774 3048 foetore
801 3015 884 3048 casei
910 3017 1067 3060 putridi.
1266 3019 1319 3064 (g)
1346 3026 1383 3054 L·
1408 3031 1437 3052 c·
1466 3031 1498 3062 P·
1528 3030 1604 3061 ²35·

150 3049 794 3145 Misfflzaasssareplere
944 3074 978 3107 Ρ·
1075 3066 1158 3100 ‘’⁰“
1260 3067 1321 3110 (ὴ)
1350 3070 1388 3100 L·
1413 3075 1440 3099 ε·
1467 3077 1500 3108 1>-
