2534 3586
470 175 1853 225 DIVERSITATISHUMORUM.
2118 192 2201 236 303

194 237 303 285 Alio
333 250 441 284 vero
473 241 607 284 modo
637 238 733 284 fieri
763 238 929 294 potest,
961 248 1008 283 ut
1040 237 1087 282 in
1118 237 1335 282 nonnullis
1369 236 1623 290 visceribus,
1654 248 1700 282 ut
1733 237 1779 281 in
1808 247 1935 282 utero
1959 268 1972 290 ,
2002 236 2123 292 plura
2152 237 2202 281 in

134 298 314 351 muliere
346 329 360 351 ,
404 310 534 351 quam
579 297 624 341 in
656 297 907 353 virguncula
948 308 1146 340 materno
1176 307 1300 340 utero
1330 294 1640 352 comprehensa
1666 327 1679 349 ‚
1722 293 1891 339 vascula
1933 305 2166 350 appareant
2189 325 2202 337 .

135 355 245 401 Non
276 354 454 398 dubium
486 354 543 398 est
563 388 575 410 ,
607 353 881 412 grandescere
913 354 1087 407 eadem,
1117 354 1221 397 dum
1252 364 1395 397 toturn
1429 367 1584 409 corp-us
1615 352 1882 397 incrementa
1913 351 2030 408 capit
2057 384 2068 394 .
2115 351 2201 396 Po-

133 427 189 457 ne
219 427 332 458 nunc
377 411 422 455 in
454 412 556 456 fetu·
590 410 809 455 vasculum
858 409 1074 454 uterinum
1118 421 1213 455 tota
1258 410 1304 454 in
1336 410 1606 467 longitudine
1647 409 1716 454 sua
1757 409 1933 455 unicum
1974 408 2204 466 globulum

135 471 310 515 rubrum
343 469 574 525 recepisse,
605 480 706 513 tunc
739 467 914 523 quidem
946 468 1061 511 nudo
1093 480 1208 512 certe
1240 469 1369 512 oculo
1400 467 1610 512 invisibile
1642 467 1725 512 erit
1756 471 1870 524 (p),
1900 466 1942 510 ὃ(
1974 465 2202 529 obser-van«,

137 527 174 571 ti
206 526 380 572 incisori
413 528 580 571 nullum
615 560 628 581 ,
671 525 738 570 cui
771 524 883 569 nihil
913 524 1070 569 exsistit
1103 557 1116 579 ,
1162 524 1238 568 nisi
1270 527 1386 581 quod
1418 525 1538 569 videt
1576 557 1588 569 .
1639 525 1756 570 Pone
1787 537 1898 569 nunc
1930 539 1954 567 a
1984 525 2123 568 cordis
2155 537 2206 566 vi

133 583 393 641 impellente
443 584 559 628 idem
592 583 811 627 vasculum
857 582 1048 638 pluribus
1091 582 1275 637 globulis
1307 582 1502 637 repleri,
1547 583 1746 627 reddetur
1787 580 2069 638 conspicuum
2099 613 2113 634 ‚
2158 581 2205 625 &

132 655 187 685 ex
220 644 307 688 cestr
347 656 459 687 nunc
492 653 712 697 emerget,
744 640 788 683 in
820 652 908 693 quo
939 639 1056 695 prius
1088 639 1270 682 latebat.
1319 639 1486 682 Poterit
1517 651 1660 684 autem
1706 650 1776 684 aut
1807 650 1953 684 totum
1985 637 2205 682 vasculum

131 698 339 754 dilatari,
371 711 417 743 ut
451 699 495 743 in
529 699 661 743 rubrae
693 696 855 741 arteriae
886 696 1117 752 exemplo,
1148 707 1218 740 aut
1249 695 1278 738 fi
1309 695 1578 740 subtiliorem
1610 695 1690 740 effe
1720 698 1886 752 placet,
1915 695 2078 752 poterit
2109 709 2206 751 pars

137 756 262 811 prior
293 756 433 801 cordis
464 755 656 799 finitima
687 752 903 807 expandi,
935 767 1026 807 quae
1058 752 1199 807 prima
1229 751 1364 796 iilum
1393 752 1755 812 dilatati-emboli
1786 765 1964 810 experta
1993 753 2074 807 fit,
2104 751 2207 796 ulti-2'

137 826 346 867 mumque
379 813 571 857 osculum
603 811 822 853 minutum
841 841 854 861 ,
883 809 1045 865 unique
1076 808 1253 866 globulo
1282 809 1483 866 pervium
1502 843 1516 864 ‚
1546 811 1588 854 8<
1621 810 1847 855 secretioni
1878 822 2029 867 aptum
2062 824 2207 854 mane-

129 883 199 914 re.
242 870 432 925 AEquum
464 867 582 929 enim
613 865 670 909 est
702 865 866 910 creditu
889 899 902 920 ,
948 866 994 910 in
1025 866 1290 923 principium
1324 867 1506 920 cylindri
1547 882 1626 912 cor
1654 868 1836 914 validius
1867 868 1951 913 niti
1978 903 1991 924 ,
2021 868 2206 924 vimque

136 926 392 969 dilatantem
425 925 625 979 expedire
657 925 870 979 majorem
889 956 903 977 ,
935 937 1066 979 quam
1097 925 1272 980 quidem
1303 924 1350 968 in
1379 924 1541 971 finem.

195 982 362 1027 Deinde
394 982 538 1025 multo
568 995 632 1024 res
663 979 902 1035 simplicior
933 980 991 1024 est
1013 1014 1026 1034 ,
1070 996 1207 1038 neque
1239 993 1358 1026 tanta
1399 984 1548 1040 egebat
1590 981 1915 1041 perspicacitate
1945 1016 1958 1027 .
2018 983 2207 1028 Certum

132 1038 189 1083 est
212 1072 226 1093 ,
271 1052 488 1094 utcunque
521 1038 566 1082 in
597 1038 686 1082 fetu
718 1051 893 1083 maturo
944 1038 1123 1091 systema
1151 1038 1417 1084 vasculosum
1450 1041 1606 1097 grande
1638 1041 1769 1087 fuerit
1795 1074 1808 1095 ,
1850 1041 1892 1085 ὃ(
1925 1055 2010 1097 pro
2036 1041 2206 1097 portio«

131 1110 185 1140 ne
217 1097 457 1152 corpusculi
491 1095 718 1152 grandim,
750 1109 839 1139 non
870 1110 923 1139 eo
953 1096 1095 1140 minus
1126 1108 1298 1152 tempus
1328 1096 1448 1141 fuiffe
1473 1127 1487 1150 ,
1526 1097 1572 1141 in
1603 1111 1692 1153 quo
1722 1109 1843 1142 aorta
1873 1109 1966 1142 tota
1997 1112 2086 1141 non
2116 1113 2208 1141 am-

129 1153 248 1210 plior
279 1155 361 1200 fuit
385 1188 397 1207 ,
430 1167 560 1209 quam
592 1153 714 1197 unius
746 1152 861 1197 rubri
892 1153 1054 1209 globuli
1103 1153 1314 1197 diameter
1352 1153 1410 1197 est
1438 1187 1446 1195 .
1494 1154 1565 1199 Eo
1613 1167 1814 1211 tempore
1858 1156 1999 1199 nullus
2041 1153 2087 1197 in
2118 1155 2213 1198 fetu

126 1210 295 1268 sanguis
329 1211 409 1255 esse
442 1210 619 1267 potuit,
649 1209 717 1253 sed
747 1223 883 1265 neque
914 1210 997 1254 suit
1023 1242 1036 1253 .
1079 1214 1131 1254 ln
1163 1225 1210 1253 ea
1242 1212 1413 1269 aetatula
1453 1211 1600 1256 duetus
1631 1210 1852 1256 secretorii
1883 1212 2034 1268 utique
2065 1211 2212 1255 mino-

127 1283 219 1322 res,
252 1283 379 1324 quam
411 1267 461 1311 in·
488 1269 637 1312 adulto
669 1266 850 1311 homine
895 1266 1067 1319 fuerunt
1093 1301 1107 1322 ,
1152 1282 1254 1311 cum
1297 1268 1432 1313 etiam
1474 1280 1596 1314 aorta
1635 1285 1689 1314 ne
1735 1269 1984 1328 sanguinem
2022 1268 2211 1325 quidem

128 1325 473 1370 transmitteret.
504 1325 574 1370 Eo
604 1339 708 1381 ergo
740 1337 938 1386 tempore
970 1338 1046 1380 per
1077 1339 1123 1369 ea
1154 1324 1320 1387 vascula
1360 1328 1603 1372 excretoria
1644 1329 1805 1373 humor
1847 1342 2004 1385 magn-a
2033 1327 2209 1372 ratione

127 1382 329 1428 subtilior
359 1383 508 1427 transit
546 1417 559 1437 ,
602 1396 732 1438 quam
763 1395 840 1438 per
870 1380 1056 1437 ejusdem
1099 1383 1291 1426 nominis
1334 1382 1383 1427 in
1413 1385 1573 1430 *adul-to
1601 1385 1781 1430 homine
1814 1385 2034 1431 vasculum
2064 1400 2211 1430 excre=

71 1478 77 1487 ,
128 1440 296 1486 terium
325 1475 338 1496 ,
381 1455 520 1496 neque
550 1439 700 1484 fimilis
731 1440 881 1494 utique
912 1440 1074 1484 humor
1105 1450 1208 1486 tunc
1241 1454 1291 1483 ex
1323 1454 1381 1486 eov
1417 1442 1579 1488 viscere
1624 1443 1790 1500 prodiit
1815 1475 1826 1487 .
1870 1443 1990 1489 Nam
2021 1444 2211 1489 omnino

128 1512 268 1554 neque
300 1498 443 1544 semen
475 1497 520 1541 in
550 1495 640 1542 fetu
671 1508 900 1559 generatur
928 1529 942 1550 ,
989 1512 1129 1553 neque
1158 1497 1394 1544 menstruus
1423 1498 1589 1558 sanguis
1622 1534 1637 1556 ‚
1684 1515 1824 1558 neque
1853 1501 1951 1546 bilis
1982 1502 2104 1556 (q),
2135 1517 2210 1547 ne-

128 1569 214 1613 que
246 1569 388 1602 atrum
421 1570 537 1601 uveae
568 1556 832 1601 membrana&
858 1567 1138 1613 pigmentum
1169 1557 1282 1611 (r),
1313 1570 1451 1613 neque
1494 1560 1622 1616 adeps
1653 1560 1746 1618 (ὼς
1773 1558 1840 1604 sed
1873 1574 2022 1604 niu-cus
2052 1559 2214 1616 ubique

128 1612 274 1669 iners,
306 1614 543 1671 pellucidus
563 1646 578 1666 ⁷
608 1613 837 1670 insipidus,
867 1627 976 1668 pene
1006 1627 1165 1671 aqueus
1192 1645 1209 1667 ,
1254 1613 1420 1659 minori
1452 1616 1537 1661 olei
1564 1649 1580 1671 ‚
1624 1615 1720 1661 salis
1748 1617 1974 1673 *teri-aeque
2005 1617 2214 1673 portione

129 1671 244 1717 fetus
263 1705 273 1715 .
309 1671 457 1726 Ipsum
488 1671 689 1715 ordinem
720 1670 883 1716 ostendi
912 1705 926 1726 ,
969 1685 1059 1728 quo
1101 1670 1321 1728 particulae
1366 1673 1564 1718 colorem
1606 1673 1908 1730 impertientes
1939 1675 2134 1731 primum
2166 1674 2215 1719 iri

132 1728 298 1780 bilem,
327 1729 372 1774 in
406 1728 582 1782 oculum
612 1762 626 1783 ,
670 1728 718 1772 in
747 1728 849 1772 alias
879 1727 991 1791 fetus
1040 1728 1270 1787 particulas
1314 1729 1433 1775 viam
1473 1731 1548 1777 fibi
1591 1732 1788 1788 aperiunt
1832 1734 1919 1786 (t)
1949 1763 1959 1775 .
2006 1733 2073 1776 Ita
2103 1733 2214 1777 adeo

129 1785 319 1834 objectio
350 1784 520 1842 Georgii
550 1785 746 1829 Iffartine
779 1785 970 1832 solVitur
993 1821 1007 1843 ,
1049 1800 1097 1833 ut
1128 1799 1218 1830 non
1249 1801 1402 1833 veru-m
1443 1787 1493 1834 sit
1518 1823 1534 1846 ,
1577 1788 1625 1833 in
1654 1789 1745 1834 fetu
1775 1789 1963 1846 similes,
1991 1791 2136 1845 quales
2167 1791 2215 1834 in

129 1843 234 1888 viro
254 1875 268 1892 ,
300 1843 505 1888 humores
537 1841 752 1900 separari.
782 1844 892 1888 Vasa
924 1845 1096 1891 minora
1125 1844 1254 1899 sunt,
1279 1847 1483 1893 humores
1516 1845 1732 1891 tenuiores
1764 1848 1827 1898 (ιι
1848 1851 1893 1900 )·.
2068 1857 2071 1859 ’

191 1900 243 1943 In
274 1900 513 1944 minoribus
536 1900 802 1945 ⁴animalibus
833 1902 987 1947 adultis
1009 1938 1024 1958 ,
1052 1903 1082 1948 si
1113 1915 1266 1947 verum
1299 1903 1356 1947 est
1371 1900 1585 1962 *globulos
1629 1906 1779 1949 rubros
1810 1904 1852 1948 8<
1883 1903 2012 1950 fibras
2040 1918 2213 1949 carneas·

131 1969 250 2018 :eque
281 1960 459 2020 grandes
491 1955 569 2001 effe
591 1991 604 2010 ‚
637 1969 842 2014 poterunt
873 1960 916 2004 ὃ(
946 1961 1092 2006 ἀυξὶυς
1125 1960 1358 2006 excretorii
1389 1976 1512 2019 aeque*
1538 1964 1714 2020 grandes
1758 1960 1869 2017 effe,
1899 1978 1947 2007 ac
1980 1963 2026 2007 in·
2056 1961 2212 2007 vastio-

131 2013 247 2057 ribus
278 2013 435 2075 belluis·
467 2044 478 2055 .
522 2016 652 2060 Tunc
685 2031 792 2059 vero
820 2016 983 2062 neceffe
1014 2018 1071 2062 est
1101 2019 1251 2074 utique
1279 2053 1293 2075 ,
1333 2033 1389 2063 ex
1424 2019 1694 2077 paucioribus
1724 2019 1830 2064 vasis
1860 2034 2009 2065 renem·
2039 2031 2110 2065 aut
2142 2020 2218 2063 he-

134 2083 216 2131 par
237 2100 251 2121 ,
281 2079 359 2131 aut·
385 2071 465 2112 alia
495 2084 757 2135 quaecunque
790 2071 952 2119 viscera
983 2075 1255 2133 glandulasve
1286 2077 1334 2120 in
1363 2078 1528 2123 minori
1557 2079 1822 2124 animale-ulo
1841 2077 2215 2135 componi‚quam

133 2126 316 2228 quicilstp
347 2140 396 2170 in
426 2128 645 2183 grandiori
677 2131 763 2173 alio
808 2131 993 2177 animale
1040 2148 1120 2180 ren
1146 2166 1162 2190 ‚
1205 2133 1343 2192 hepar
1366 2168 1385 2192 v
1422 2147 1494 2181 aut
1541 2135 1730 2193 eiusdem
1776 2135 1972 2182 nominis
2016 2135 2217 2194 glandula

133 2197 220 2230 con
255 2197 279 2227 a
313 2213 327 2229 .

604 2296 643 2351 §.
675 2295 755 2342 XL·
785 2298 866 2344 ΙΙΙ,
898 2298 1142 2354 Θβὶοἰθνιιννι
1166 2301 1478 2360 secretariorum
1504 2301 1759 2357 densttait‘s<y

192 2409 287 2456 Etsi
318 2425 472 2475 parum
506 2412 579 2456 h-ic
609 2424 810 2457 anatome
842 2414 949 2460 lucis
994 2414 1175 2462 affundit
1209 2452 1228 2474 ,a
1265 2418 1424 2475 praebet
1466 2429 1613 2464 tamen
1655 2418 1859 2465 nonnihil
1886 2454 1903 2476 ,
1948 2418 1992 2465 8<
2024 2421 2219 2478 aliquan-

136 2479 244 2533 tum·
266 2470 435 2514 theoria
470 2472 586 2514 addit
607 2504 618 2514 .
653 2469 792 2533 Posi-ta
821 2474 929 2517 adeo
971 2475 1119 2519 eadem
1166 2476 1396 2522 velocitate
1443 2475 1658 2534 sanguinis
1698 2478 1896 2523 alluentis
1924 2511 1939 2534 ,
1986 2481 2248 2537 eademque*

133 2528 446 2591 particularum
475 2561 489 2581 ,
518 2541 614 2590 quae
645 2527 756 2592 ostio
788 2531 1109 2595 excretoriolse
1138 2534 1325 2579 offerunt
1358 2568 1375 2588 ⁷
1420 2548 1570 2580 natura
1594 2569 1609 2590 ,
1655 2548 1804 2581 tamen
1834 2537 1940 2582 alius
1972 2537 2133 2582 humo-r
2163 2537 2225 2582 se·-

129 2584 350 2640 parabitur
370 2616 386 2637 ,
416 2583 446 2626 si
478 2586 560 2628 alia
593 2587 749 2649 canali-s
775 2586 1015 2649 *secretorii
1047 2604 1093 2633 in
1138 2591 1295 2637 ostiolo
1342 2592 1418 2637 suo
1457 2593 1635 2639 densitas
1676 2594 1814 2640 fuerat
1851 2627 1861 2637 .
1911 2594 2028 2639 Pone
2057 2594 2220 2640 densio-

130 2655 228 2686 rem
261 2640 340 2702 effe
360 2673 377 2693 ,
406 2639 565 2685 resistet
605 2657 741 2705 magis
773 2644 964 2701 impulsis
997 2647 1221 2703 particulis
1247 2684 1268 2705 r
1309 2651 1351 2696 ὃς
1381 2652 1582 2708 maio-res„
1612 2652 1850 2708 repudiabit
1878 2685 1891 2705 ,
1923 2662 2018 2697 tum
2050 2651 2219 2710 segni0=

129 2711 198 2742 res
230 2696 538 2756 levioresque,
566 2699 779 2746 admittet
809 2701 983 2758 aquosas
1001 2736 1020 2759 ,
1047 2705 1255 2753 admittet
1286 2708 1480 2755 minores
1514 2742 1529 2765 ,
1572 2710 1646 2754 has
1690 2709 1791 2766 quia
1820 2708 1973 2766 absque
2003 2710 2222 2756 dilatatio-

2169 2782 2229 2818 Σεὲ

110 2957 114 2960 ”
175 2903 234 2992 ἐρ)
259 2916 295 2945 ι·
323 2924 354 2946 ²·
380 2924 413 2958 p.
440 2924 501 2955 ⁷7⁶
545 2943 548 2945 ‚
660 2966 668 2973 ·
803 2970 809 2976 -
1256 2930 1310 2969 (⁵)
1338 2929 1464 2974 1⁰⁶3?st
1489 2931 1642 2974 generari
1666 2932 1737 2975 post
1761 2938 1919 2975 quartum
1936 2954 1948 2973 ‚
1970 2939 2061 2966 certe
2081 2932 2116 2965 in
2137 2932 2225 2967 meis

130 2960 527 3042 33·q3’‘1{‘11²³·⁰2⁵m¹;‡ael²g
550 2973 610 3016 PTO
637 2965 704 3000 blle
726 2994 734 3001 ·
769 2971 902 3006 ered'o
927 2980 1070 3018 apparet
1095 2973 1155 3009 die
1214 2977 1459 3019 experimentis
1484 2977 1653 3015 mensem,
1681 2978 1716 3010 in
1742 2976 1877 3010 homine
1908 2981 1934 3010 L
1972 2988 1999 3011 ι.
2022 2990 2055 3024 p.
2080 2981 2127 3012 18„

129 3041 179 3076 let
206 3056 239 3086 p.
266 3051 335 3080 160.
531 3021 640 3044 emino
664 3022 788 3057 quarto
814 3021 931 3051 Memf
943 3018 997 3053 sur
1024 3021 1054 3053 le
1072 3028 1156 3064 pou·
1261 3020 1313 3062 (t)
1339 3024 1443 3102 {ze-gi.
1471 3023 1522 3056 sur
1546 3024 1578 3056 le
1603 3022 1739 3066 poulet,
1767 3030 1797 3057 t,
1818 3033 1850 3057 2.
1877 3034 1909 3067 p.
1927 3033 1996 3066 ¹30·

163 3090 216 3133 (r)
240 3092 367 3137 Incipit
385 3104 552 3144 apparere
577 3101 631 3140 die
657 3113 786 3148 quarto
813 3106 904 3150 ὦῶ,
935 3119 974 3156 P.
986 3113 1064 3149 ²⁶0.
1262 3062 1321 3110 (u)
1387 3079 1399 3102 ι
1426 3092 1433 3102 ·
1459 3078 1494 3112 P·
1517 3080 1588 3109 192.
1610 3078 1681 3111 153·
