2534 3586
623 155 1659 209 MOTUSLATERALIS.
2086 167 2166 211 159

96 225 238 271 moria
270 223 350 278 (τ’),
381 222 527 279 potuit
558 223 707 278 utique
741 221 784 266 in
815 223 1018 266 cadavere
1051 222 1191 264 laxata
1221 216 1477 261 arteriarum
1510 225 1658 259 natura
1707 210 1894 270 speciem
1941 212 2161 259 inanitatis

97 283 282 337 referre,
313 296 404 338 quae
436 281 483 326 in
517 280 624 325 vivo
658 279 864 335 homine,
895 279 998 324 dum
1029 276 1202 322 firmior
1232 275 1271 320 se
1301 274 1458 320 arteria
1489 271 1682 317 sustinuit
1703 304 1717 326 ‚
1748 270 1865 316 nulla
1895 270 1976 315 fuit
1998 304 2008 315 .

567 398 607 449 §.
639 395 720 439 III.
751 392 937 452 Sanguis
969 390 1157 449 impulsio
1187 390 1241 435 ab
1272 389 1386 434 unda
1417 386 1684 445 insequente.

160 510 202 554 Si
236 511 389 555 arteria
421 521 540 555 aorta
573 511 695 566 plena
731 510 816 565 est,
846 506 1066 563 novusque
1117 505 1281 562 sanguis
1324 504 1368 548 in
1410 505 1585 560 plenam
1635 499 1839 546 arteriam
1890 498 2123 557 projicitur
2152 531 2168 553 ,

100 567 280 614 superest
312 581 359 614 ut
390 568 424 612 is
458 568 650 625 sanguis,
682 569 753 624 qui
787 581 900 611 nunc
935 566 979 609 in
1009 562 1161 607 arteria
1193 562 1251 605 est
1279 595 1292 616 ,
1335 562 1454 605 cedat
1504 558 1681 616 priori,
1723 568 1851 613 atque
1897 558 1948 601 ab
1989 572 2041 602 eo
2085 556 2169 600 im-

99 627 307 687 pellatur.
341 627 445 670 Non
478 639 653 682 oportet
683 622 952 670 diffimulaffe
985 635 1082 665 eum
1113 619 1320 675 quidem,
1349 618 1424 673 qui
1470 632 1583 661 nunc
1627 627 1797 660 aortam
1842 615 1980 671 replet
2016 647 2030 667 ,
2076 612 2168 656 san-

99 698 276 741 guinem
310 699 396 726 non
427 684 624 739 quietum
655 682 761 738 effe,
791 682 858 726 sed
891 689 1062 724 motum
1094 675 1139 720 in
1169 675 1381 731 prioribus
1415 674 1595 729 pulsibus
1641 689 1664 717 a
1710 672 1836 718 corde
1878 682 2057 728 accepto
2103 669 2170 714 in-

103 742 289 785 citatum
320 740 488 796 sugere.
523 743 563 785 §i
598 741 788 785 velocius
820 739 1009 792 sugeret,
1041 748 1171 790 quam
1215 747 1328 776 nova
1370 745 1393 774 a
1440 731 1568 775 corde
1610 730 1720 775 unda
1764 728 2041 785 insequitur,
2084 725 2171 771 uti-

101 812 187 854 que
219 813 303 841 non
337 799 635 854 percelleretur
664 798 716 839 ab
746 810 791 839 ea
823 808 960 846 nova,
990 791 1032 835 8<
1075 790 1300 847 superesset
1341 802 1436 832 eam
1477 788 1592 832 inter
1634 786 1912 843 prioremque
1954 783 2169 840 sanguinis

107 856 357 899 columnam
389 856 510 899 inane
539 853 751 909 spatium,
783 851 974 907 inquod
1007 864 1121 894 nova
1151 862 1197 892 ea
1226 848 1336 892 unda
1365 844 1519 901 absque
1550 843 1768 889 obstaculo
1814 842 1858 887 se
1887 842 2172 887 diffunderet.

106 912 271 956 Verum
303 911 559 955 ostendimus
591 908 687 963 (k),
718 908 908 955 velocius
940 907 1133 963 priorem
1164 906 1319 950 undam
1351 918 1440 948 non
1471 903 1647 960 fugere,
1678 916 1780 946 cum
1811 915 1859 944 ea
1884 933 1897 955 ,
1928 914 2023 957 qua:
2054 913 2170 943 nova

102 969 326 1024 sequitur,
358 979 498 1011 totam
531 982 624 1011 eam
656 967 935 1011 velocitatem
970 963 1217 1020 conservet,
1248 961 1417 1019 quaein
1448 959 1648 1018 sanguine
1679 957 1865 1016 cogitari
1897 956 2064 1014 potest,
2097 955 2176 999 ali-

111 1039 194 1080 qua
227 1039 330 1069 vero
361 1025 566 1081 portione
597 1040 644 1069 ea
676 1024 883 1068 velocitas
915 1038 966 1066 eo
999 1021 1133 1079 magis
1164 1020 1409 1072 minuatur,
1441 1032 1530 1074 quo
1561 1016 1698 1074 magis
1729 1031 1752 1059 a
1783 1016 1912 1060 corde
1943 1013 2172 1059 receditur.

103 1084 188 1125 Sed
221 1096 357 1137 neque
389 1084 535 1126 eadem
569 1082 776 1126 velocitas
807 1080 864 1124 est
894 1079 1050 1136 prioris
1083 1079 1229 1131 undae,
1259 1091 1353 1133 quae
1384 1090 1508 1119 novae
1538 1091 1548 1118 t
1581 1075 1698 1129 quod
1729 1072 1759 1116 fi
1802 1085 1920 1127 aeque
1964 1070 2176 1118 velociter

109 1139 273 1196 fugeret
307 1139 457 1195 prior,
489 1154 535 1183 ac
567 1139 743 1195 quidem
775 1140 907 1182 altera
938 1136 1152 1192 sequitur,
1184 1138 1321 1191 neque
1351 1133 1426 1177 illa
1456 1130 1694 1187 impulsum
1736 1139 1957 1185 pateretur
1990 1160 2003 1181 ,
2036 1139 2175 1182 neque

104 1195 182 1242 ista
213 1196 472 1240 obstaculum
507 1196 772 1251 experiretur
802 1197 963 1240 ullum.
995 1194 1146 1238 Minus
1177 1203 1322 1237 autem
1353 1190 1566 1235 velociter
1597 1202 1695 1232 cum
1730 1186 1852 1242 prior
1881 1185 1990 1229 unda
2022 1183 2176 1240 fug-iat,

109 1266 242 1309 quam
272 1268 386 1296 nova
417 1253 681 1309 insequitur,
710 1251 957 1299 necesseest
1002 1250 1263 1307 superveniri
1308 1266 1332 1294 a
1375 1247 1606 1292 noviffima
1648 1247 1760 1289 unda
1804 1241 2131 1289 antecedentem
2162 1273 2178 1295 ‚

110 1321 239 1372 atqu-e
270 1313 376 1355 adeo
409 1312 516 1354 hanc
546 1313 598 1355 ab
630 1311 700 1356 illa
732 1309 895 1369 percuti
928 1308 1008 1363 (l).
1039 1309 1145 1366 Quo
1177 1309 1317 1363 maior
1346 1306 1429 1350 erit
1460 1303 1711 1360 velocitatis
1761 1301 1807 1345 in
1837 1312 2017 1355 utraque
2048 1297 2180 1342 diffe-

111 1379 276 1422 rentia,
308 1382 360 1411 eo
393 1368 526 1425 magis
559 1369 732 1413 evidens
764 1368 845 1413 erit
876 1366 1033 1425 prioris
1065 1367 1184 1410 undae
1217 1363 1418 1421 impulsio
1446 1397 1461 1417 ,
1491 1362 1533 1406 8<
1563 1358 1848 1405 manifestiori
1890 1356 1975 1402 ielu
2007 1372 2041 1400 af
2062 1369 2177 1400 nova

114 1426 224 1468 unda
258 1424 461 1487 vetustior
490 1426 563 1470 illa
594 1426 882 1483 percutietur.
915 1424 984 1469 Ita
1017 1423 1060 1468 in
1091 1422 1347 1467 animalibus
1380 1420 1496 1464 vivis
1528 1419 1604 1473 (m)
1637 1416 1865 1473 impulsio,
1897 1429 2027 1470 quam
2060 1413 2184 1469 prior

114 1482 224 1525 unda
256 1493 449 1546 patitur-¹,
481 1494 580 1527 tunc
611 1485 787 1529 demum
818 1483 867 1526 ab
899 1482 1027 1526 oculo
1055 1480 1357 1537 distinguitur,
1389 1479 1562 1534 quando
1593 1476 1736 1519 cordis
1759 1473 1825 1518 vis
1839 1471 2180 1529 elanguit‚atque

114 1539 218 1600 adeo
250 1538 459 1601 sanguinis
490 1541 697 1585 velocitas
730 1540 950 1597 infigniter
980 1537 1196 1583 decrevit.
1227 1536 1392 1581 Oculus
1423 1535 1541 1588 enim
1572 1533 1791 1577 rationem
1813 1531 2087 1575 celeritatum
2121 1527 2178 1571 fa-

115 1595 196 1638 cile
228 1595 446 1659 distinguit
466 1629 477 1648 ‚
508 1611 598 1653 quae
631 1598 725 1643 sunt
755 1599 819 1642 uti
855 1615 875 1654 3
908 1597 956 1639 ad
993 1613 1015 1639 2
1044 1628 1056 1649 ,
1087 1594 1325 1639 difficulter
1354 1594 1537 1638 alteram
1563 1625 1575 1645 ,
1607 1604 1699 1645 quae
1730 1589 1825 1633 sunt
1857 1588 1920 1632 uti
1949 1602 2000 1640 19
2029 1587 2078 1628 ad
2116 1600 2179 1628 zo.

116 1652 306 1715 Quando
332 1655 377 1716 ⁴id
410 1654 638 1698 discrimen
659 1686 670 1706 ,
701 1656 752 1698 de
784 1669 872 1710 quo
903 1653 1114 1704 dicimus,
1147 1651 1350 1705 exiguum
1383 1650 1468 1701 est,
1500 1661 1602 1693 tunc
1635 1647 1811 1702 quidem
1827 1643 2035 1702 percussio
2058 1642 2179 1685 undae

116 1709 363 1764 posterioris
396 1711 440 1754 in
473 1711 664 1766 priorem
698 1712 814 1757 nulla
844 1710 1011 1754 videtur
1042 1713 1137 1764 (η),
1167 1707 1239 1751 etfi
1273 1718 1393 1751 certo
1425 1707 1480 1750 est
1513 1706 1650 1760 aliqua
1683 1733 1694 1754 ‚
1727 1719 1828 1748 cum
1859 1714 1980 1746 certo
2012 1700 2179 1757 priores

67 1817 77 1823 α
120 1767 239 1827 undae
270 1767 572 1829 posterioribus
604 1770 763 1814 lentius
789 1768 1119 1825 progrediantur
1148 1766 1230 1820 (o).
1264 1764 1371 1809 Haec
1402 1763 1458 1807 est
1490 1759 1713 1819 impulsio,
1747 1774 1831 1816 qua
1845 1759 1982 1812 unda,
2013 1756 2187 1801 ventri·-

115 1823 199 1864 culi
233 1821 389 1884 sinistri
416 1839 518 1868 areae
549 1826 741 1882 aquam,
773 1827 815 1873 8<
847 1839 1003 1881 paucos
1035 1824 1183 1879 utique
1214 1823 1394 1879 pollices
1424 1821 1552 1878 longa
1581 1854 1595 1875 ‚
1625 1831 1718 1873 quae
1751 1831 1887 1874 nuper
1934 1816 1979 1860 in
2010 1812 2187 1858 novissi-

114 1891 192 1921 mo
226 1880 347 1933 pulsu
378 1881 589 1943 decorde
621 1883 757 1936 exiit,
790 1883 1038 1939 sanguinem
1069 1882 1180 1925 ultra
1208 1894 1281 1924 eos
1313 1879 1491 1935 pollices
1523 1877 1710 1935 politum
1743 1872 2186 1928 accelerat‚vimque

114 1948 275 1997 novam
308 1935 521 2000 sanguinis
550 1939 597 1981 ad
631 1952 852 1984 extremos
884 1938 1013 1994 usque
1044 1950 1159 1983 artus
1191 1936 1418 1992 impertit.
1781 1942 1787 1943 ⁷
2018 1985 2021 1986 ⁷

173 1990 264 2054 Qu
295 2007 387 2056 eam
422 1995 722 2050 impulfionem
751 1997 1002 2053 negaverit,
1035 1995 1195 2039 nullam
1229 1993 1444 2038 rationem
1489 1994 1588 2037 dare
1631 1989 1794 2047 poterit
1819 2022 1833 2044 ‚
1877 2002 1961 2044 qua
2004 1986 2051 2031 vi
2102 1984 2189 2031 san-

117 2059 210 2103 gfflS
241 2052 523 2112 11¹‚C1r-culum
554 2053 876 2110 progrediatur.
908 2054 1054 2097 Corde
1085 2051 1260 2104 evulso,
1292 2061 1338 2095 ut
1371 2050 1642 2095 notiffimum
1690 2047 1747 2092 est
1777 2080 1791 2102 ‚
1835 2044 2001 2104 sanguis
2046 2043 2187 2102 conti-

116 2117 203 2166 ΠΡΟ
235 2104 415 2159 qfflesClt
434 2139 448 2158 ,
476 2108 518 2151 δ(
549 2111 691 2164 pulsus
724 2110 848 2155 ceffat
879 2111 961 2166 (p)
981 2143 993 2163 ‚
1023 2124 1182 2165 nempe
1227 2109 1392 2166 sanguis
1422 2123 1445 2151 a
1475 2105 1690 2164 prioribus
1739 2104 1882 2149 cordis
1929 2101 2188 2148 contraffi'tio«

116 2161 240 2223 Qubus
272 2163 698 2227 propulsus-motum
729 2167 1089 2212 suumsoontinuo
1120 2167 1288 2211 amittit
1323 2201 1335 2211 .
1366 2165 1411 2210 Si
1441 2165 1581 2210 amisit
1614 2194 1627 2217 ‚
1670 2176 1807 2219 neque
1849 2178 1873 2205 a
1915 2176 2033 2206 nova
2079 2160 2189 2204 unda

116 2217 366 2274 insequente
398 2221 539 2265 cordis
569 2236 732 2269 novam
760 2224 917 2281 accipit
946 2257 962 2280 ,
1003 2224 1226 2281 superest,
1271 2233 1320 2269 ut
1361 2223 1498 2269 etiam
1544 2223 1592 2268 in
1635 2221 1748 2266 vivo
1789 2220 1975 2264 animale
2022 2216 2189 2274 sanguis

2086 2288 2190 2318 con·

117 2532 1454 2550 —m———ffl—*Q
1462 2533 1649 2545 -ι-ο.
1654 2519 2190 2544 ι--ι-ι-ι--ὶ-Ι-Ο-

165 2665 216 2719 (j)
240 2673 363 2704 Parum
389 2670 582 2713 sanguinis,
609 2675 666 2703 aut
692 2668 777 2703 nihil
803 2669 984 2714 quidquam
1011 2670 1046 2703 in
1072 2679 1122 2702 ar·
1184 2674 1263 2709 167.
1288 2679 1394 2714 exque
1433 2668 1591 2708 theoria,
1625 2672 1761 2709 Bryano
1803 2666 1970 2707 Robinson
2005 2663 2118 2702 Effays
2141 2671 2186 2695 ΟΠ

121 2717 217 2746 terns
243 2727 262 2747 a
290 2723 397 2748 morte
424 2717 609 2760 reperiebat
638 2718 802 2748 Harveius
837 2716 922 2758 apud
949 2717 1048 2750 Birch
1071 2714 1123 2749 hi·
1182 2726 1288 2749 oecon.
1314 2716 1421 2748 anim.
1448 2719 1535 2757 Prop
1572 2718 1634 2747 Χῖ.
1660 2714 1752 2748 conf.
1779 2719 1818 2749 L.
1848 2716 1906 2746 IV.
1932 2721 1965 2754 p·
1993 2719 2071 2750 300·

121 2757 207 2796 story
233 2760 272 2793 of
294 2761 348 2794 the
378 2764 486 2802 Royal
512 2762 648 2802 society
676 2769 697 2793 t.
724 2773 752 2801 4.
781 2771 801 2804 p
840 2772 914 2802 535·
1226 2760 1283 2804 (ο)
1311 2763 1350 2794 In
1375 2759 1450 2794 aliis
1475 2759 1765 2794 observationibus
1792 2758 1859 2802 ipse
1884 2767 1958 2791 eam
1983 2756 2017 2788 in
2035 2751 2188 2786 minimis

164 2799 228 2844 (k)
253 2807 338 2841 Sest.
369 2810 397 2841 Ι(
422 2819 453 2841 n.
483 2818 511 2845 9.
537 2808 622 2851 seqq.
1179 2806 1318 2840 vasculis
1345 2805 1431 2839 vidit
1457 2806 1624 2839 Antonius
1652 2817 1684 2836 v.
1709 2802 1945 2838 Leeuwenoeck
1970 2800 1994 2833 1.
2019 2811 2048 2832 c.
2072 2801 2116 2830 T.
2142 2799 2191 2832 11.

170 2850 217 2888 U)
243 2852 432 2887 Franciscus
469 2853 604 2896 Boiffier
638 2852 678 2884 de
712 2856 886 2893 „fauvages
925 2851 961 2885 in
998 2851 1122 2893 Halefii
1180 2862 1212 2894 p.
1238 2862 1307 2891 ¹75·
1332 2861 1356 2885 t.
1387 2864 1412 2893 3.
1441 2862 1471 2895 p.
1501 2862 1576 2891 1²4·
1603 2849 1723 2882 dein-cle
1752 2847 1917 2883 Antonius
1943 2845 1981 2877 de
2008 2843 2118 2880 Hercle
2143 2842 2186 2876 de

151 2897 304 2930 aemastat.
332 2904 408 2938 246.
435 2909 511 2937 24⁷·
533 2902 605 2938 248.
634 2897 765 2929 theoria
793 2896 901 2939 pulsus
929 2908 948 2938 p
988 2908 1039 2935 19-
1179 2896 1352 2930 venaeses‘t.
1381 2909 1411 2939 p.
1426 2902 1459 2930 6.
1485 2895 1649 2929 Henricus
1674 2895 1783 2929 Baker
1809 2892 1958 2927 microsc.
1984 2888 2081 2923 made
2107 2887 2184 2928 easy

171 2937 236 2981 (m)
259 2943 383 2977 Second
409 2948 514 2978 Mem.
552 2943 603 2976 sur
638 2943 666 2975 le
695 2953 802 2976 monis.
841 2941 886 2975 du
920 2942 1007 2984 sang.
1036 2946 1124 2987 Exp.
1180 2953 1260 2985 pag.
1291 2949 1362 2982 136.
1391 2947 1514 2982 Georg.
1544 2942 1691 2978 Admau
1725 2939 1873 2974 microse.
1912 2947 1945 2981 p.
1973 2946 2027 2976 45.
2052 2933 2194 2976 Stepha-

124 2991 181 3024 ⁶7.
208 2988 261 3018 81.
288 2991 339 3028 84.
364 2993 418 3029 83.
446 3002 500 3029 9⁴..
531 2996 602 3022 126.
632 2993 703 3029 163.
731 2998 804 3027 173.
832 2990 905 3026 189.
1181 2999 1243 3022 nus
1272 2989 1370 3020 Hales
1396 2986 1576 3021 haemastat.
1611 2996 1642 3029 p.
1669 2996 1721 3027 ²3·
1748 2983 1850 3022 Conf.
1875 2987 1916 3020 L.
1943 2984 2000 3017 lv.
2030 2992 2063 3026 Ρ·
2091 2990 2168 3021 300,

175 3030 233 3073 (n)
261 3036 348 3065 Hinc
373 3034 407 3066 in
433 3034 583 3068 m=nimis
623 3045 689 3067 non
729 3033 901 3066 observata
925 3056 938 3073 ‚
976 3032 1127 3066 Antonio
1229 3030 1287 3077 (p)
1316 3035 1357 3066 L.
1384 3034 1441 3067 lv.
1468 3041 1500 3076 p.
1527 3042 1606 3073 293.

133 3086 198 3111 van
221 3079 479 3114 Leeuwenhoeck
503 3084 624 3125 Exper.
652 3081 684 3113 ὃ(
707 3080 929 3121 contemplat.
953 3080 996 3111 T.
1021 3081 1068 3112 Π.
1093 3088 1126 3120 p.
