2534 3586
453 168 1228 222 DIVERSITATIS
1298 163 1850 215 HUMORUNL
2113 188 2199 231 299

115 235 286 283 lefaftus
318 233 385 287 (k)
404 269 417 290 ‚
449 236 597 293 gluten
627 230 810 289 piscium
841 229 1090 275 dissolutum
1111 264 1124 284 ,
1154 242 1263 286 aqua
1282 260 1295 282 ‚
1327 238 1558 282 argentum
1588 226 1774 290 virgum,
1805 239 1898 290 aer.
1931 225 1986 272 l'n
2012 233 2190 293 mucosa

111 295 209 338 vasa
238 328 250 348 ³
282 291 507 353 Peyerique
536 290 617 346 (l)
648 289 862 347 glandulas
906 302 1000 331 cera
1046 286 1195 332 transit
1226 320 1240 341 ,
1285 285 1433 330 crassas
1476 299 1587 329 vero
1629 283 1865 330 cinnabaris
1911 289 2141 341 particulas
2171 322 2190 347 ‚

110 352 245 398 nimis
277 350 440 407 oppido
472 362 676 407 magnas,
712 362 801 392 non
831 344 971 403 potest
1002 342 1146 407 secum
1177 342 1497 390 transmittere.
1890 396 1899 407 ⁸
1967 396 1976 409 ¹
2210 353 2212 356 ’

169 394 353 451 Contra⁴
367 406 612 451 exhalantia
641 403 810 449 vascula
840 402 1009 459 angusta
1042 401 1194 446 ostiola
1223 401 1380 446 habent
1398 434 1412 454 ,
1443 414 1498 444 ex
1528 397 2022 454 Lemvvmhoeckmms,
2046 399 2189 449 hafte-

112 480 189 510 nus
222 465 344 509 nobis
376 463 608 508 suffediuris
642 461 954 519 experimentis
978 492 990 512 ‚
1021 461 1088 504 sed
1119 460 1171 502 ab
1201 459 1252 503 iis
1285 456 1440 503 osculis
1470 456 1513 501 δε
1545 471 1638 521 cera
1661 490 1674 510 ,
1703 455 1747 500 &
1780 455 1924 520 sebum
1953 458 2041 504 fere
2071 476 2186 508 arce<

111 535 207 577 tur,
237 536 344 567 asua
375 523 499 565 facile
532 520 679 565 transit
698 552 707 562 .
744 520 795 562 In
831 516 1061 561 tenerrima
1091 517 1257 560 vascula
1288 515 1417 560 vitrei
1450 517 1648 560 humoris
1674 546 1688 568 ‚
1730 514 1857 571 lentis
1888 515 2139 566 crystallinae
2169 553 2187 578 ,

110 567 288 623 corticis
317 579 510 633 cerebri,
538 579 609 625 aut
639 577 752 621 nihil
783 575 922 628 subit,
953 585 1024 618 aut
1057 573 1324 618 tenuissimus
1355 572 1508 625 unice,
1529 586 1690 629 magno
1719 578 1822 635 cum
1852 571 1997 617 labore
2024 573 2185 631 quuor.

169 637 332 680 Iterum
363 652 386 679 a
416 635 503 679 sola
535 634 722 692 angustia
755 632 972 677 luminum
1004 630 1239 674 excretorii
1270 629 1417 673 duElus
1448 629 1672 692 crassiores·
1712 629 1940 685 particulas
1971 632 2140 679 excludi
2169 668 2187 693 ‚

45 692 47 695 ’
113 693 335 749 aliquanto
397 693 628 737 robabilius
660 691 882 743 redditur,
911 689 1027 743 quod
1061 687 1180 731 aucia
1212 686 1450 730 velocitate
1482 685 1696 742 sanguinis
1711 718 1737 748 ‚·
1756 685 1881 731 auRo
1912 688 2016 732 adeo
2047 689 2188 748 impe..

112 759 187 803 tu,
220 763 308 805 quo
339 764 365 807 g
386 749 504 793 obuli
539 744 767 793 in'ostiola
797 744 1025 789 secretoria
1056 744 1281 798 nituntur,
1311 744 1496 788 omnino
1527 742 1695 799 sanguis
1724 755 1772 785 in
1803 756 1849 786 ea
1881 744 2015 790 etiam
2032 747 2195 797 ostiola

112 807 234 851 viam
264 807 335 851 sibi
369 807 559 862 aperiat,
589 817 680 858 quae
711 804 883 857 integro
914 800 960 843 in
991 814 1137 844 rerum
1166 799 1275 845 statu
1305 799 1418 845 solos
1462 801 1681 845 tenuiores
1724 800 1932 845 humores
1963 804 2185 852 transmit-

109 873 233 908 tunt.
269 863 544 907 Ostendimus
574 859 691 902 enim
719 862 826 912 (m)
857 856 1104 914 sanguinem
1129 891 1143 911 ‚
1195 873 1251 902 ex
1293 857 1387 903 solo
1430 858 1558 903 febris
1594 858 1764 914 impetu
1783 891 1796 912 ,
1827 869 1900 903 aut
1930 874 1954 904 a
1984 864 2185 919 corporis

106 920 420 964 exercitatione
453 915 804 969 vehementiori,
835 929 923 959 non
955 914 1054 958 laesis
1086 915 1258 972 organis
1289 948 1303 969 ‚
1346 930 1424 972 per
1452 915 1600 960 dusius
1631 916 1899 960 excretorios
1929 917 2089 974 urinae‚
2121 921 2184 967 su-

104 976 222 1020 doris
241 1007 254 1028 ,
285 974 399 1019 muci
435 973 602 1019 narium
621 1005 633 1026 ,
662 972 884 1029 pulmonis
915 971 1118 1017 vesiculas
1146 1005 1175 1040 ‚l
1202 972 1429 1027 pericardii
1462 976 1552 1026 (n)
1583 974 1784 1029 aquulam
1813 1006 1828 1027 ,
1872 973 2181 1025 intestinorum

107 1047 315 1089 vaporem
334 1065 347 1086 ,
371 1031 567 1087 aliosque
598 1030 765 1074 canales
797 1028 979 1085 aquosos
1009 1029 1127 1073 exire
1156 1062 1169 1073 .
1217 1029 1345 1074 Plane
1392 1041 1440 1074 ut
1472 1030 1517 1074 in
1548 1030 1770 1087 angustum
1801 1030 1954 1075 tubum
1986 1033 2184 1089 globulus

107 1089 332 1148 plumbeus
365 1089 502 1141 subit,
536 1087 565 1132 si
597 1088 752 1132 bacillo
784 1087 925 1130 valide
957 1087 1214 1143 impuleris,
1247 1101 1336 1132 non
1366 1085 1604 1140 subiturus,
1635 1087 1711 1131 nifi
1743 1102 1791 1130 ea
1820 1086 1888 1130 vis
1918 1090 2181 1141 acceffiffet.

161 1147 314 1202 Neque
346 1145 511 1203 sanguis
544 1144 655 1189 solus
687 1144 733 1188 in
768 1144 964 1188 tenuiora
993 1143 1090 1187 vasa
1119 1142 1265 1188 transit
1293 1176 1308 1197 ‚
1352 1157 1455 1187 nam
1486 1144 1620 1187 etiam
1651 1142 1804 1187 crassus
1835 1143 2087 1200 oleosusque
2116 1149 2182 1194 su-

100 1204 182 1248 dor
212 1204 256 1247 in
288 1202 382 1247 vasa
413 1202 702 1260 pei-spirabilia
732 1201 852 1246 viam
884 1201 956 1245 sibi
988 1201 1179 1257 explicat
1205 1218 1216 1246 ε
1263 1200 1310 1245 in
1350 1199 1520 1245 urinam
1563 1200 1710 1263 oleum
1741 1199 1912 1246 craffius
1955 1215 2182 1264 penetrat,

101 1262 323 1316 mei-usque
354 1261 399 1305 in
433 1259 654 1316 phthisicis
685 1259 844 1316 adeps,
876 1259 922 1303 in
951 1259 1097 1303 varios
1133 1291 1147 1314 ,
1191 1257 1354 1303 alienos
1384 1257 1428 1302 ὃς
1460 1269 1699 1303 teneriores
1728 1257 1876 1303 ductus
1906 1260 2084 1307 demum
2114 1263 2181 1310 lac

99 1333 124 1362 a
157 1318 236 1362 suis
268 1318 351 1361 viis
382 1317 628 1375 repulsum.

156 1375 300 1419 Etiam
335 1375 511 1420 ulterius
544 1375 673 1431 paulo
704 1374 923 1418 clarorum
952 1372 1154 1418 virorum
1185 1372 1389 1430 sagacitas
1421 1371 1634 1429 progressa
1667 1371 1725 1416 est
1754 1405 1765 1416 .
1811 1371 1930 1418 Nam
1960 1374 2179 1424 rationem

100 1432 356 1476 invenerunt
384 1466 396 1486 ,
441 1446 522 1487 qua
552 1430 647 1475 fieri
678 1430 814 1486 poffet
840 1463 854 1483 ,
897 1441 944 1474 ut
986 1445 1040 1474 ex
1087 1430 1179 1474 solo
1210 1429 1544 1474 secretoriorum
1590 1429 1794 1475 duffluum
1824 1430 1995 1476 diverso
2024 1436 2177 1481 ordine

99 1489 195 1545 puri
228 1491 460 1541 humores,
493 1502 629 1543 neque
648 1487 834 1531 ‘alterius
866 1488 1033 1544 generis
1066 1486 1288 1543 particulis
1320 1486 1464 1539 misti,
1497 1488 1550 1530 de
1593 1486 1794 1544 sanguine
1838 1486 2133 1545 separarentur
2163 1526 2178 1539 .

99 1546 220 1602 Ergo
250 1545 278 1589 si
311 1545 461 1600 scopus
493 1545 626 1590 fuerit
657 1543 951 1588 craffiffimum
981 1544 1173 1599 aliquem
1203 1546 1437 1589 humorem
1480 1542 1698 1607 secernere
1730 1576 1763 1608 ‚.
1786 1544 1919 1591 bilem
1950 1547 1997 1591 in
2028 1563 2178 1595 exem-

99 1603 206 1659 plo,
237 1602 480 1658 praestiterit
512 1617 560 1645 ex
592 1601 747 1645 arteria
779 1600 1005 1645 secretioni
1041 1602 1137 1646 bilis
1167 1601 1372 1646 destinata
1402 1601 1523 1646 educi
1572 1616 1627 1646 ex
1671 1603 1822 1646 ordine
1852 1619 1999 1649 ramos
2030 1606 2177 1653 mino-

97 1659 160 1705 ris
189 1659 426 1713 diametri,
456 1672 589 1713 quam
621 1656 718 1702 sunt
750 1658 846 1703 bilis
878 1659 1130 1716 moleculae3
1163 1659 1228 1704 fac
1260 1660 1424 1704 multos
1457 1657 1537 1703 effe
1557 1689 1569 1711 ‚
1600 1658 1644 1702 8<
1676 1660 1805 1716 longa
1829 1659 1968 1718 ‘set-ie,
1995 1664 2178 1711 exibunt·

101 1718 208 1761 adeo
237 1718 289 1760 de
320 1731 368 1760 ea
398 1715 551 1760 arteria
582 1716 802 1771 particulae
834 1730 985 1760 ornnes
1004 1749 1017 1771 ,
1052 1730 1144 1772 quae
1174 1716 1273 1761 bilis
1305 1716 1483 1773 glebulis
1514 1716 1709 1761 minores
1740 1716 1866 1771 sunt,
1895 1718 1924 1762 fi
1958 1718 2057 1765 satis
2089 1723 2178 1768 fue-

102 1774 162 1819 rit
193 1773 450 1818 ostiolorum
480 1773 561 1817 hos
597 1774 796 1817 humores
827 1773 1109 1819 avehentium
1139 1807 1152 1829 ,
1182 1772 1446 1829 usquedum
1477 1788 1577 1825 cum
1607 1772 1846 1831 sanguineis
1879 1776 2065 1833 globulis
2084 1811 2096 1831 ,
2130 1781 2178 1824 in

101 1831 256 1875 arteria
286 1829 514 1875 secretoria
545 1841 615 1873 aut
646 1830 725 1874 soli
757 1830 854 1874 bilis
884 1830 1048 1888 globuli
1079 1831 1282 1888 supersint
1307 1864 1322 1886 ‚
1362 1841 1434 1884 aut
1473 1842 1591 1876 certe
1635 1830 1894 1887 pauciffimis
1939 1833 2174 1881 subtiliori-

103 1888 177 1932 bus
210 1887 431 1944 particulis
463 1885 722 1945 misceantur
753 1888 835 1939 (ο)
862 1919 874 1933 .
918 1888 1137 1934 HaE‘tenus
1168 1892 1291 1934 certe
1313 1888 1566 1944 exemplum
1596 1887 1870 1934 vasculorum
1891 1891 2177 1946 ‘capillarium

104 1944 189 1988 huc
220 1943 376 1989 referre
408 1942 563 1999 possm,
590 1957 683 1999 quae
714 1945 827 1989 solos
860 1947 1058 2002 globulos
1089 1945 1354 2001 rubros‚aut
1387 1956 1501 2001 certe
1532 1945 1594 1989 ita
1627 1959 1764 2002 pauco
1797 1947 1986 1992 tenuiori
2018 1949 2178 1996 humo-

101 2014 147 2045 re
178 1999 358 2052 mistos,
383 2001 613 2045 continent
649 2035 663 2057 ,
704 2011 752 2046 ut
782 2001 931 2047 unicus
979 2002 1175 2059 globulus
1217 2005 1345 2048 ruber
1390 2013 1538 2047 totum
1584 2003 1674 2057 eius
1716 2001 1875 2048 vasculi
1922 2006 2070 2050 lumen
2101 2007 2177 2053 sibi

102 2056 243 2100 sumat
272 2087 278 2094 ·
309 2055 508 2108 Contra,
536 2056 567 2099 fi
595 2071 727 2112 quam
758 2059 1053 2104 tenuissimum
1094 2061 1137 2104 8<
1180 2060 1529 2116 limpidissimum
1572 2059 1790 2115 liquorem
1831 2060 1992 2106 secerni
2026 2065 2176 2109 volue-

103 2113 191 2168 ris,
224 2125 323 2168 para
352 2110 561 2167 ejusmodi
592 2115 796 2158 arteriam
821 2148 835 2169 ,
876 2131 929 2159 ex
972 2129 1057 2171 qua
1101 2117 1247 2174 magni
1279 2118 1443 2161 canales
1491 2116 1673 2172 adipis,
1721 2116 1818 2160 bilis
1848 2151 1859 2171 ‚
1899 2118 2172 2178 aliorumque

108 2169 339 2214 crassorum
370 2170 605 2213 humorum
635 2170 814 2226 glebulis
845 2172 1032 2226 adaptari
1067 2173 1196 2229 longa
1225 2173 1328 2218 serie
1373 2173 1583 2230 prodeant
1613 2188 1623 2214 z
1673 2175 1860 2218 avehent'
1892 2175 1922 2219 ii
1955 2178 2174 2224 crassiores

104 2227 339 2279 humores,
370 2237 417 2271 ut
448 2225 688 2288 solus—cum
719 2225 920 2283 sanguine
962 2226 1008 2271 in
1051 2228 1206 2273 ultima
1248 2231 1403 2273 arteria
1444 2231 1481 2272 is
1529 2232 1690 2274 humor
1735 2230 1909 2290 tenuior
1951 2231 2124 2288 superfit
2157 2268 2171 2290 ,

103 2297 237 2340 quem
266 2284 388 2327 voles
419 2282 580 2327 secerni
612 2284 730 2338 (p).
1095 2334 1098 2335 7
1770 2289 1772 2291 ’

164 2341 403 2386 Secundum
434 2340 479 2386 id
508 2340 734 2386 consilium
763 2372 779 2397 ,
823 2338 1002 2387 variatis
1033 2340 1136 2398 (q)
1164 2339 1400 2444 fistullarum
1430 2339 1482 2384 de
1510 2340 1665 2388 arteria
1706 2341 2013 2403 produoarum
2043 2346 2173 2412 lumi-

1315 2411 1345 2456 P
1407 2413 1430 2444 2
1894 2410 1896 2413 ⁴
2106 2419 2172 2452 ng-

99 2626 365 2644 thuna—un·—
370 2615 1270 2645 v—-fi--n———m
1453 2629 2168 2654 *ap—w—

141 2761 202 2805 (k)
228 2765 372 2805 schulze
396 2769 584 2800 Commerc.
609 2765 677 2800 Lit.
702 2763 822 2800 Nor-ic.v
848 2775 938 2806 ¹731·
964 2767 1096 2812 spec-v.
1155 2775 1190 2809 p·
1215 2774 1282 2806 129.
1311 2777 1387 2809 13<³⁴
1412 2768 1572 2810 'Verbeyen
1597 2769 1636 2800 L·
1663 2778 1696 2800 2·
1724 2777 1746 2810 p
1781 2771 1853 2808 298¹
1890 2771 2029 2814 Nez'feld
2052 2772 2093 2809 de
2118 2775 2167 2810 se-

140 2808 190 2850 (l)
215 2811 344 2854 Ruysch
369 2813 471 2855 Epist.
493 2819 583 2845 anat.
608 2814 670 2846 XI.
709 2823 742 2855 p.
770 2822 801 2853 9.
844 2811 981 2847 Advers.
1006 2821 1096 2849 anat,
1154 2818 1238 2845 eret.
1267 2822 1299 2854 p.
1325 2823 1381 2853 74„
1409 2812 1538 2847 Adfinis
1563 2813 1606 2845 est
1633 2812 1688 2845 Ill.
1716 2814 1859 2856 Ludwig
1873 2814 2088 2862 hypothesis,
2105 2821 2165 2865 qui

91 2864 129 2889 2,
153 2865 183 2886 n.
212 2866 238 2893 3-
1156 2857 1330 2902 tenuiores
1355 2857 1512 2893 humores
1552 2867 1610 2901 per
1635 2859 1772 2892 venulas
1812 2859 1949 2896 abducit
1976 2863 2164 2910 physiolog-

139 2897 208 2941 (m)
235 2904 275 2934 L·
299 2912 323 2935 i.
350 2912 384 2946 p.
408 2912 463 2942 79„
489 2902 552 2937 διο.
1154 2911 1188 2934 ιι.
1210 2912 1289 2943 ²37·

141 2944 205 2982 (n)
231 2948 410 2979 Santormi
436 2949 534 2981 storia
557 2948 592 2981 d’
610 2957 654 2981 un
678 2946 750 2981 feto
774 2957 808 2991 p.
838 2958 876 2989 51
1203 2944 1261 2990 (p)
1288 2949 1326 2980 In
1352 2948 1441 2982 ranis
1467 2946 1592 2983 Second
1618 2959 1719 2983 mem.
1744 2948 1796 2985 sur
1818 2948 1851 2987 le
1874 2961 1991 2990 mouv.
2010 2953 2058 2990 du
2072 2955 2166 3002 sang..

142 2989 202 3029 (0)
232 2990 295 3029 Jos-
322 2993 481 3025 Mariand
505 2991 545 3025 of
564 2993 620 3026 the
656 2993 745 3026 force
781 2992 821 3025 of
849 2970 905 3026 th}
930 2993 1034 3028 beart.
1061 3003 1095 3036 p.
1152 2996 1241 3036 Exp.
1268 3002 1343 3025 120.
1371 3004 1444 3027 122.
1474 3005 1550 3033 124.
1575 2994 1636 3027 &c-

94 3035 150 3071 85.
179 3035 234 3077 qui
261 3034 291 3066 8<
308 3034 385 3069 bilis
411 3038 440 3069 δε
468 3037 600 3071 seminis
626 3038 819 3082 exemplum
842 3038 1002 3080 adducit,
1021 3045 1095 3073 tum
1196 3036 1255 3085 (q)
1283 3038 1382 3075 Conf.
1407 3040 1487 3075 Keil
1510 3039 1534 3074 l.
1560 3049 1590 3073 c.

96 3080 133 3114 in
156 3078 278 3121 philos.
301 3080 455 3116 transaft.
493 3093 528 3117 n.
553 3086 629 3126 ²830
655 3084 736 3121 Keil
770 3084 811 3120 de
836 3083 953 3121 secret.
987 3083 1093 3122 anim·
1392 3107 1395 3109 -
