2534 3586
326 218 408 270 315
665 251 670 255 ,
735 205 954 252 ’1,ΙΒ,
1017 199 1109 244 VII.
1170 200 1422 249 sECT.
1481 199 1556 242 ΙΙΙ.
1617 199 1957 244 CAU-SAE
2028 193 2037 218 s

319 269 416 316 {sum
449 268 638 324 praefidio
668 275 874 322 perpetuo
904 260 1119 320 defluens,
1150 270 1285 318 neque
1316 256 1366 298 ad
1399 256 1494 299 loca
1512 270 1547 317 ‘a
1579 255 1745 298 Natura
1774 256 1977 301 destinata
2001 292 2016 313 ,
2046 273 2180 315 neque
2210 267 2385 311 necessa-

319 327 389 372 rio
423 327 615 381 impetu,
648 327 794 376 neque
815 333 860 360 ea
893 328 1017 369 copia
1050 323 1325 375 perveniret,
1356 324 1447 365 quae
1480 321 1580 355 Vitae
1603 312 1742 374 ‘usibus
1785 310 1992 358 sufficiat.
2027 315 2092 360 Ita
2124 317 2265 362 semen
2295 324 2390 379 qui-

320 385 421 427 dem
444 382 608 426 neeesse
640 378 720 422 suit
752 376 797 417 in
829 371 1027 415 vesiculas
1059 401 1073 423 ‚
1115 380 1185 412 aut
1217 383 1261 412 in
1295 382 1411 422 pares
1443 367 1635 411 veficulis
1666 366 1811 412 duetus
1842 369 2070 416 deferentis
2102 374 2271 418 cellulas
2302 379 2389 419 co'l-

323 440 486 495 ligere,
516 450 561 482 ut
592 437 636 479 in
668 430 900 490 massulam·
918 427 1091 489 alicujus
1122 426 1164 469 ὃ(
1195 424 1324 473 molis
1356 424 1398 468 &
1431 424 1629 480 ponderis
1661 422 1783 468 fieret
1815 457 1828 478 ,
1867 439 1961 482 quae
2006 443 2028 471 a
2059 429 2250 479 musculo
2280 445 2392 475 acce..

319 498 504 541 leratore
548 498 822 535 momentum
853 496 998 528 itineri
1031 483 1195 539 agendo
1239 482 1398 537 aequale
1441 481 1633 536 recipere
1674 481 1812 536 poffet
1840 516 1850 525 .
1894 484 1962 528 Eo
2004 485 2122 529 enim
2165 499 2394 532 momento

322 553 464 610 eguit,
496 558 541 590 ut
571 558 648 606 per
678 543 912 606 vaginam,
933 539 1049 603 ’saepe
1081 540 1254 603 longam
1268 571 1285 602 ¹,
1317 549 1600 594 uterumque,
1632 534 1677 581 in
1720 538 2056 596 quadrupedibus
2090 543 2396 599 longissimum,

322 612 371 653 ad
403 603 489 659 ipsa
521 614 666 644 ovaria
699 614 760 644 Vis
792 598 964 642 seminis
982 611 1234 652 pervenire,
1268 596 1477 650 indeque,
1508 596 1793 650 quodcunque
1824 595 1881 639 est
1895 587 2175 642 humanitatis
2208 601 2391 645 elemen-

319 676 446 714 tum,
477 658 701 703 exturbare
745 654 906 711 posset.
940 653 1057 697 Huic
1089 653 1207 697 enim
1240 651 1391 696 officio
1435 664 1655 708 nunquam
1699 653 1867 709 guttula
1907 653 2080 699 seminis
2126 655 2348 701 suffecisset
2380 689 2395 711 ,

319 717 462 775 qualis
493 732 516 758 a
545 714 717 758 vasculo
748 711 1051 768 epididymidis
1082 710 1235 753 stillare
1267 708 1406 764 potest
1427 741 1437 752 .

380 777 448 818 Ita
479 770 700 829 probabile
732 770 816 822 est,
847 768 1035 813 omnino
1066 766 1294 811 vesiculam
1325 767 1494 810 felleam
1526 764 1622 810 bilis
1653 764 1841 822 aliquam
1860 780 2021 822 penum
2052 769 2394 824 colligere„quae

321 846 376 875 eo
407 830 601 875 maxime
633 840 830 883 tempore
862 826 906 869 in
938 826 1179 874 duodenum
1211 822 1427 878 copiofior
1456 822 1764 876 effunderetur,
1795 836 1884 877 quo
1930 825 2108 882 digestio
2140 824 2303 877 fervet,
2336 825 2395 869 bi-

322 890 448 943 leque
480 885 667 943 plurima
697 898 803 937 opus
835 883 891 927 est
924 881 1000 936 (i).
1032 882 1111 924 Sed
1140 880 1270 923 etiam
1305 879 1350 940 iri
1379 879 1564 922 valvulis
1595 879 1680 922 illis
1713 879 1925 936 laryngis,
1969 883 2015 926 in
2047 883 2249 926 folliculis
2293 882 2398 937 pha-

322 944 499 1001 ryngis,
529 943 574 986 in
605 940 796 997 cryptis,
828 949 1011 994 totoque
1043 938 1177 992 longo
1208 935 1445 979 intestinuli
1478 935 1752 978 vermiculati
1786 936 2012 992 folliculo,
2041 939 2087 982 in
2119 936 2281 984 cellulis
2324 953 2395 981 ex.

325 1001 457 1047 tremi
488 998 676 1044 intestini
709 996 812 1041 reEii
832 1029 843 1049 ,
875 1010 1024 1040 mucus
1057 993 1304 1050 colligitur,
1335 992 1409 1047 qui
1442 991 1646 1046 loquelae,
1692 990 1998 1047 deglutitioni‚
2045 994 2283 1040 excretioni
2327 1009 2398 1038 ex-

321 1068 650 1104 crementorum
682 1055 953 1110 adjuvandae,
984 1051 1056 1096 sub
1087 1065 1133 1094 ea
1165 1049 1356 1097 maxime
1387 1059 1584 1103 tempora
1614 1046 1784 1091 uberior
1815 1046 2039 1103 suppetat.
2153 1093 2154 1096 ,

384 1116 490 1159 Alia
520 1114 588 1157 sed
619 1111 759 1155 affinis
793 1110 978 1163 iterum,
1010 1107 1308 1152 folliculorum
1339 1105 1502 1149 utilitas
1532 1103 1592 1147 est
1619 1134 1632 1158 ,
1676 1103 1853 1147 foetidos
1897 1104 2157 1162 sensibusque
2205 1108 2413 1164 ingratos,

322 1174 531 1219 humores
575 1170 742 1224 aliquos
787 1168 997 1211 reservare
1025 1198 1037 1218 ,
1069 1178 1120 1208 ne
1152 1175 1305 1220 praeter
1337 1163 1607 1206 voluntatem
1652 1161 1872 1215 ,perpetim
1916 1163 2132 1217 defluant,
2162 1163 2398 1219 corpusque

322 1229 450 1274 civili
483 1227 584 1271 vitae
614 1225 868 1269 destinatum
899 1222 1126 1278 inquinent
1146 1254 1156 1264 .
1191 1220 1257 1264 Ita
1287 1219 1407 1264 uri-na
1452 1219 1496 1262 in
1529 1217 1659 1262 vesica
1689 1218 1891 1272 propria,
1922 1218 1983 1263 ita
2012 1219 2056 1263 in
2089 1221 2195 1264 laxis
2237 1220 2396 1265 intesti-

323 1287 394 1334 nis
426 1287 506 1331 faex
536 1283 708 1336 alvina,
738 1282 800 1325 ita
829 1281 883 1325 ins
905 1279 1074 1325 naribus
1106 1292 1286 1332 niuem,
1317 1277 1446 1334 inque
1483 1274 1563 1320 suis
1594 1274 1786 1319 vesiculis
1818 1272 1962 1320 semen
1992 1275 2226 1323 retinetur.

948 1394 986 1446 §.
1018 1388 1164 1437 XXII.
1197 1392 1254 1435 Ut
1277 1384 1503 1446 folliculus
1532 1391 1781 1435 evacuetur.

383 1453 534 1499 Etiam
566 1452 607 1497 id
639 1450 741 1496 boni
772 1450 997 1496 affer-vatio
1028 1448 1225 1495 humoris
1257 1448 1361 1492 facit
1381 1478 1393 1499 ‚
1423 1459 1470 1491 ut
1521 1447 1759 1492 acrimonia
1788 1445 1858 1491 sua
1880 1481 1895 1503 ,
1938 1448 1981 1493 8(
2012 1447 2164 1506 copia,
2205 1456 2393 1504 recepta.

327 1514 476 1559 culum
506 1511 626 1555 suum
658 1509 877 1565 potentius
908 1508 1051 1552 irritet
1070 1540 1083 1560 ‚
1114 1504 1310 1561 viresque
1340 1505 1447 1548 adeo
1488 1515 1740 1548 evacuantes
1771 1504 2002 1560 sollicitet.
2038 1509 2104 1551 Ita
2133 1506 2353 1550 obtinetur
2378 1536 2393 1558 ,

328 1581 377 1615 ut
417 1583 553 1625 neque
598 1567 709 1611 ultra
750 1577 895 1622 aptam
927 1576 1084 1609 natura:
1114 1559 1271 1612 finibus
1302 1560 1475 1617 copiam
1507 1593 1520 1614 ‚
1565 1573 1702 1616 neque
1748 1559 1860 1604 ultra
1888 1560 2115 1606 definitum
2144 1561 2394 1606 acrimoniae

329 1628 508 1684 gradum
537 1626 741 1669 humores
772 1621 903 1666 nostri
934 1620 1163 1672 reservari,
1193 1632 1330 1674 neque
1360 1617 1463 1661 vitae
1495 1616 1740 1661 commodis
1770 1617 1907 1660 obesse
1937 1618 2124 1673 poffintf,
2165 1630 2299 1674 utque
2325 1619 2395 1664 de-

331 1699 458 1729 mum
489 1683 539 1726 ad
569 1681 771 1724 destinata
801 1681 896 1724 loca
925 1678 1106 1735 quisque
1137 1678 1295 1739 humor
1308 1673 1479 1718 veniat.
1511 1671 1660 1731 Quam
1691 1670 1979 1728 insuperabilis
1992 1676 2110 1720 enim
2140 1675 2207 1719 vis
2236 1673 2398 1724 stimuli

328 1740 383 1786 sit
402 1774 415 1796 ‚
446 1753 533 1795 quo
565 1740 767 1783 humores
785 1771 799 1793 ‚
828 1736 963 1780 etiam
993 1734 1220 1791 mitiores,
1248 1731 1546 1776 excretionem
1579 1726 1694 1775 suam
1723 1728 1959 1777 sollicitent
1977 1766 1990 1787 ‚
2019 1733 2147 1777 docet
2177 1730 2393 1776 neceffitas

331 1795 646 1848 intolerabilis,
678 1809 760 1851 qua
789 1795 840 1837 ad
871 1792 1224 1837 sternutationem
1243 1822 1257 1843 ,
1289 1786 1459 1842 tuffim,
1488 1787 1574 1832 alvi
1621 1787 1908 1842 laxationem,
1950 1789 2232 1842 mifflonem,
2274 1787 2399 1832 seini-

330 1854 399 1900 nis
433 1852 679 1898 effufionem
709 1851 909 1908 cogimur
928 1880 942 1902 ,
972 1861 1019 1894 ut
1050 1862 1205 1905 corpus
1235 1847 1472 1909 humanum
1501 1855 1673 1889 retento
1719 1846 1902 1889 humore
1933 1846 2183 1892 liberemus,
2229 1843 2396 1898 Quibus

331 1926 440 1957 vero
472 1908 832 1955 machinamentis
865 1908 953 1951 haec
986 1906 1180 1952 excretio
1211 1904 1460 1949 obtineatur
1489 1902 1705 1945 ostendere
1736 1901 1941 1957 oportet.

393 1965 615 2012 Musculus
647 1966 730 2021 est,
761 1964 835 2021 qui
868 1964 1060 2008 irritatus
1093 1960 1391 2014 contrahitur,
1420 1957 1705 2004 musculosam
1736 1959 1964 2012 fabricam,
1994 1958 2250 2015 plerumque
2296 1969 2400 1998 con-

329 2025 553 2082 spicuam,
585 2023 815 2079 aliquando
846 2021 1022 2065 sensibus
1053 2019 1206 2066 nostris
1238 2017 1538 2068 subtiliorem,
1571 2015 1735 2058 Natura
1749 2013 1955 2058 folliculis
1985 2012 2400 2066 circumdedit,quae

335 2084 388 2126 ab
418 2081 691 2132 extensione,
722 2081 772 2123 ab
801 2078 1072 2133 acrimonia,
1101 2092 1125 2120 a
1154 2073 1390 2131 cupiditate
1421 2072 1509 2115 sola
1539 2069 1581 2113 ἃ
1613 2069 1935 2126 imaginationis
1965 2070 2038 2124 vi,
2068 2068 2235 2113 irritata
2247 2067 2401 2111 humo-

332 2153 431 2183 rem
462 2140 512 2180 de
544 2137 743 2180 folliculo
773 2135 958 2188 expellat
978 2167 987 2175 .
1342 2156 1343 2159 =
2294 2156 2295 2159 ,

396 2192 585 2238 Diversis
616 2203 763 2234 autem
792 2189 931 2233 modis
965 2185 1211 2232 musculosae
1239 2184 1357 2230 fibrae
1388 2183 1586 2227 folliculo
1614 2181 1891 2237 adaptantur.
1923 2181 2176 2239 Aliquando
2204 2180 2251 2225 in
2268 2179 2403 2237 ipsam

335 2249 526 2298 :folliculi
557 2247 765 2291 fabricam
796 2245 1092 2300 recipiuntur-3
1135 2244 1235 2285 alias
1266 2239 1452 2284 exterius
1484 2236 1526 2280 8<
1569 2236 1681 2293 quafi
1727 2239 1892 2283 eminus
1934 2238 2243 2296 circumpositae
2274 2270 2288 2293 ‚
2332 2244 2403 2281 aut

339 2322 474 2354 unum
504 2304 750 2350 folliculum
771 2335 781 2351 ,
812 2312 883 2344 aut
916 2312 1061 2344 totum
1093 2297 1387 2355 glandularum
1419 2294 1594 2347 systema
1624 2310 1704 2338 una
1735 2295 2013 2342 exinaniunt.

401 2362 600 2418 Proprias
632 2358 856 2417 grandium
888 2357 1252 2418 receptaculorum
1285 2349 1540 2414 musculosas
1571 2350 1695 2414 fibras
1739 2349 1889 2406 passim
1921 2352 2054 2398 oculis
2100 2352 2358 2409 percipimus
2390 2381 2401 2393 .

342 2420 467 2479 Quin
497 2418 761 2462 ventriculus
794 2448 807 2469 ,
838 2414 879 2457 8(
912 2412 1159 2457 intestinum
1192 2444 1204 2464 ,
1234 2410 1275 2453 ὃ(
1308 2409 1440 2453 vesica
1471 2421 1683 2462 urinaria,
1713 2407 1754 2450 ὃ(
1801 2422 1941 2454 uterus
1974 2426 1998 2453 a
2041 2410 2120 2454 suis
2164 2407 2403 2453 musculosis

338 2475 462 2523 fibris
494 2475 769 2527 inaniantur,
798 2471 973 2515 dubium
1006 2479 1092 2513 non
1124 2466 1214 2523 est3
1244 2466 1319 2511 etsi
1364 2466 1482 2511 enim
1511 2465 1644 2522 aliqui
1694 2465 1770 2509 cl.
1801 2467 1885 2511 viri
1916 2467 2192 2519 dubitarunt,
2238 2463 2402 2520 experi-

341 2544 597 2582 mentorum
630 2543 776 2574 tamen
806 2527 889 2571 fide
920 2524 1227 2571 confirmatur.
1889 2530 1908 2558 e

403 2590 455 2633 In
485 2585 690 2633 folliculis
722 2584 962 2631 minoribus
995 2582 1141 2626 omnia
1173 2581 1339 2624 minora
1369 2578 1465 2624 sunt
1497 2612 1510 2634 ,
1555 2592 1691 2635 neque
1721 2576 1837 2624 fibrae
1870 2578 2113 2625 musculosae
2158 2590 2229 2623 aut
2267 2575 2403 2622 oculis

344 2646 625 2703 dispalescunt
652 2677 673 2698 ,γ
696 2655 766 2697 aut
799 2640 1106 2698 experimentis
1139 2637 1402 2700 crassioribus
1423 2672 1434 2692 ,
1466 2651 1557 2692 quae
1587 2652 1662 2680 acu
1708 2633 1819 2682 fiunt
1861 2650 1932 2681 aut
1976 2636 2198 2693 scalpello.
2243 2634 2294 2678 In
2328 2631 2403 2690 „iis-

344 2707 446 2749 dem
477 2715 623 2747 tamen
666 2699 872 2745 folliculis
904 2698 996 2743 vim
1029 2695 1282 2741 irritabilem
1313 2694 1549 2738 acrimonia
1581 2694 1776 2738 chemica
1822 2691 1985 2750 detegit
2016 2727 2030 2747 ,
2072 2708 2162 2749 quae
2196 2691 2251 2735 ¹‘in
2299 2691 2405 2733 vivo

342 2759 526 2807 homine
557 2761 760 2810 admota,
791 2770 942 2801 eorum
974 2755 1208 2798 humorum
1259 2752 1555 2796 excretionem
1605 2752 1714 2795 mire
1745 2753 1947 2795 accelerat
1975 2782 1982 2792 .
2016 2752 2200 2804 Cryptas
2241 2747 2407 2790 narium

344 2818 517 2863 errhina
547 2814 864 2860 medicamenta
895 2813 1115 2867 emulgent
1145 2843 1158 2862 ,
1189 2811 1273 2853 oris
1306 2809 1520 2864 glandulas
1568 2809 2023 2866 apophlegmatizonta
2043 2841 2056 2862 ‚
2086 2804 2269 2850 faucium
2315 2817 2407 2846 mu-

346 2888 449 2919 cum
479 2870 726 2930 gargarismi
768 2871 950 2914 educunt
981 2900 994 2921 ,
1041 2866 1339 2911 intestinorum
1383 2868 1548 2911 lentum
1581 2867 1811 2909 humorem
1854 2879 1967 2908 acres
1997 2865 2191 2919 pulveres
2235 2857 2404 2914 inspersi

347 2929 572 2976 concitant
604 2961 616 2973 .
661 2927 923 2984 Analogiam
954 2924 1249 2971 folliculorum
1279 2937 1379 2967 cum
1411 2922 1654 2967 ventriculo
1683 2923 1841 2965 dudum
1884 2922 1961 2965 Cla
1986 2919 2068 2963 viri
2117 2923 2133 2972 (
2163 2923 2185 2964 k
2213 2921 2230 2970 )
2273 2914 2406 2959 sense-

2297 2981 2411 3025 runt,

401 3093 453 3136 (ι)
479 3094 583 3128 Pr'mtt-
608 3096 670 3130 lin.
698 3095 893 3142 Phyfiolog·
918 3107 952 3131 n.
978 3099 1049 3137 691.
1074 3098 1152 3137 692.
1477 3087 1544 3133 (k)
1568 3084 1724 3133 Margaia.
1746 3068 1865 3140 'hep
1881 3096 1956 3129 ¹40«
2314 3045 2412 3076 r-r,
