2534 3586
360 163 438 205 168
691 164 808 208 Lm.
841 162 911 206 VI.
943 161 1107 205 sEcT'.
1142 161 1199 206 ῙῙ.
1230 161 1582 211 SANGUTNIS
1611 163 1730 212 PER
1762 167 2084 223 ARTERtAs

362 219 450 262 lem
484 225 646 273 quart-az
681 221 798 264 lineae
830 219 941 274 parti
958 250 975 279 ,ι
1001 227 1073 260 aut
1103 219 1198 280 doti
1231 220 1386 273 lineae,
1417 221 1544 284 facile
1576 236 1779 280 apparet,
1813 226 2026 282 imparem
2056 231 2136 274 effe
2167 239 2294 281 tantae
2323 234 2431 280 dila:

357 276 824 376 gationisproducendae
857 276 1078 319 modicam
1110 275 1233 321 illam
1263 275 1480 334 sanguinis
1512 281 1719 337 copiam,
1749 296 1842 339 quae
1888 299 1999 329 nunc
2031 287 2222 333 maxime
2250 294 2303 337 de
2332 307 2426 339 cor-

389 347 410 375 e
474 349 523 377 ro
542 334 657 377 iliit.
1347 375 1348 378 ,

418 347 633 433 gailenus
666 386 765 430 huic
796 386 1047 433 difficultati
1077 399 1256 436 conatus
1286 390 1344 436 est
1376 390 1602 439 subvenire
1632 387 1702 440 Cl.
1725 396 1938 454 Josephus
1965 400 2088 444 Brun
2119 402 2216 456 (u)
2247 435 2261 456 ,
2290 412 2338 451 ut
2366 420 2429 450 ar-

359 447 514 490 teriam
543 446 598 505 in·
620 444 688 490 sua
720 442 872 506 systole
904 447 1177 502 explanatam
1207 482 1220 502 ,
1264 449 1312 493 in
1341 449 1518 495 diastole
1551 452 1597 496 in
1628 454 1844 500 circulum,
1869 456 1984 501 abire
2029 456 2353 514 persuadeatur:
2386 461 2430 504 δε

349 504 422 547 <ita
452 512 497 544 ut
520 513 652 562 ‘unic-e
682 501 1048 567 radiusanterior
1076 506 1118 550 8<
1151 506 1363 562 posterior
1392 509 1563 554 arteriae
1594 511 1744 557 crescit
1769 546 1783 567 ,
1827 524 1899 558 aut
1930 513 2044 561 solus
2074 516 2259 573 denique
2291 515 2432 561 radius

361 557 550 602 anterior
570 573 591 620 εἑ
614 571 659 600 in
690 572 742 601 eo
772 574 795 602 a
824 559 1067 614 Prtmirosio
1095 562 1285 610 diversus
1310 566 1384 619 (x)
1403 598 1415 619 ‚
1447 568 1564 624 quod
1597 574 1685 614 non
1717 569 1893 626 perinde
1924 570 2094 616 disertis
2125 574 2268 618 verbis
2299 572 2433 618 trans-

357 611 521 676 versam
552 615 815 667 diametrum
845 617 1007 669 dixerit
1040 620 1211 666 minui.
1244 624 1323 668 Sed
1355 625 1529 669 arterias
1562 625 1656 671 vivi
1689 627 1889 673 animalis
1921 628 2105 674 minime
2137 632 2384 687 explanatas
2415 663 2430 686 ‚

356 671 398 715 ἃ
430 683 578 734 utique
610 673 863 724 cylindricas
895 677 1095 741 (plesse
1126 679 1349 725 conicasve
1368 716 1382 737 ‚
1412 683 1516 727 dum
1561 681 1761 742 sanguine
1807 686 2030 741 replentur
2063 721 2077 742 ,
2123 700 2291 733 certum
2322 687 2382 731 est
2412 719 2428 741 ,

354 727 442 772 sive
473 744 518 772 in
551 729 699 781 systole
731 746 842 782 nunc
873 734 1186 782 constituantur
1212 770 1226 791 ‚
1267 738 1353 783 five
1398 739 1443 784 in
1492 739 1665 786 diastole
1694 775 1705 786 .
1752 741 1803 786 In
1845 743 2214 790 demonstratione
2246 745 2382 790 etiam
2412 777 2430 799 ‚

354 799 489 841 quam
519 802 608 851 non
638 789 798 854 dudum
829 791 1024 854 dedimus
1056 795 1172 850 (z),
1205 795 1316 841 nihil
1346 796 1404 841 est
1428 831 1443 853 ‚
1473 810 1602 858 quare
1632 800 1819 844 lateralis
1851 800 2036 858 premo,
2067 802 2112 847 in
2144 802 2288 859 aliqua
2323 815 2432 859 pun-

359 843 424 887 eta
455 855 644 898 arteriae,
677 861 854 903 graVioi·
885 851 1133 895 incumbat.

400 900 572 961 >Neque
598 903 718 956 Jostae
748 903 1006 950 Weitbrecbt
1037 908 1168 953 nimis
1198 909 1418 968 angustam
1449 911 1860 969 interpretationem
1890 917 2053 975 adopto
2078 949 2089 962 .
2137 916 2258 962 Nam
2288 916 2427 961 etiam

358 957 480 1004 reffiae
510 959 674 1008 arteriae
701 994 713 1016 ‚
756 961 799 1005 ἃ
831 962 1038 1020 nusquam
1066 967 1217 1023 flexae,
1250 967 1371 1024 pulsu
1413 968 1631 1026 agitantur
1661 971 1829 1016 alterno
1853 1008 1867 1029 ‚
1895 975 1938 1019 &
1969 989 2120 1031 parem
2149 975 2309 1019 habent
2339 974 2428 1018 dia-

357 1016 518 1061 stolen.
552 1018 691 1063 Addit
723 1019 793 1064 Cl.
825 1019 1040 1067 schreiber
1069 1056 1083 1079 ,
1124 1024 1171 1070 in
1201 1026 1372 1072 arteriis
1404 1027 1646 1074 minoribus
1677 1028 1787 1076 hanc
1829 1032 2160 1078 translationem
2190 1031 2329 1090 magis
2363 1032 2427 1076 10-

355 1088 455 1119 cum
487 1075 640 1120 habere
670 1079 788 1132 (a).
985 1090 987 1092 ’

415 1133 593 1177 Duobus
613 1135 767 1197 *modis
795 1147 944 1184 autem
989 1154 1038 1184 ea
1067 1173 1080 1194 ‚
1121 1155 1254 1199 quam
1300 1142 1528 1201 proposuit
1557 1140 1642 1190 Vir
1672 1145 1743 1190 Cl.
1772 1144 1955 1192 solvitur
1984 1145 2199 1203 objeffio:
2232 1146 2314 1191 sive
2347 1144 2430 1190 mi-

354 1204 511 1234 norem
542 1191 669 1254 sacias
701 1194 1030 1255 dilatationem,
1060 1197 1147 1246 sive
1176 1201 1362 1247 omnino
1392 1217 1481 1252 non
1513 1202 1592 1248 soli
1624 1203 1742 1248 undae
1774 1204 1959 1259 tribuas,
1979 1218 2071 1261 quae
2104 1220 2215 1249 nunc
2246 1205 2297 1248 de
2329 1217 2426 1248 cor·

354 1249 406 1291 de
438 1248 634 1312 prodiit..
663 1249 972 1309 Manifestum,
1004 1257 1118 1302 mihi
1149 1259 1355 1315 quidem,
1387 1260 1583 1313 videtur,
1604 1275 1699 1305 eam
1730 1263 1890 1307 undam
1922 1262 2084 1319 partim
2115 1262 2293 1307 dilatare
2308 1260 2429 1324 suam

356 1317 486 1349 aortae
518 1318 766 1370 portionem
798 1313 918 1356 cordi
950 1315 1229 1369 proximam:
1263 1317 1427 1373 partim
1460 1318 1687 1374 impellere
1718 1320 1847 1364 undas
1879 1320 2072 1376 priores:
2102 1320 2155 1364 ab
2185 1319 2238 1364 iis
2271 1318 2427 1382 undis,

354 1361 530 1426 suam-a
561 1365 776 1427 prioribus
806 1369 989 1426 pulsibus
1020 1373 1302 1419 velocitatem
1335 1375 1619 1420 retinentibus
1647 1409 1659 1429 ,
1690 1377 1732 1421 8<
1764 1392 1787 1420 a
1818 1392 1938 1423 novo
1969 1376 2155 1433 impulsu
2185 1376 2379 1421 incitatis
2411 1407 2427 1429 ,

354 1434 499 1477 urgeri
520 1422 630 1483 ¹alias
661 1424 792 1469 undas
823 1461 837 1482 ,
883 1441 976 1483 quae
1007 1445 1031 1473 a
1061 1431 1276 1487 prioribus
1309 1433 1490 1489 pulsibus
1521 1450 1543 1477 a
1575 1434 1703 1478 corde
1735 1434 1933 1491 projessae
1966 1434 2060 1479 sunt
2081 1469 2094 1490 ,
2125 1433 2168 1478 8<
2197 1434 2302 1498 alias
2332 1448 2430 1480 aor-

355 1489 410 1522 tae
442 1492 639 1535 regiones
670 1487 919 1538 expandunt
945 1518 957 1530 .
1002 1486 1053 1531 In
1084 1500 1194 1544 quot
1225 1488 1344 1535 enim
1375 1490 1561 1536 lubuerit
1591 1525 1605 1545 ,
1652 1492 1875 1536 columnas
1906 1491 2050 1536 diviso
2079 1503 2334 1555 arteriarum
2366 1497 2428 1548 sv-

354 1536 562 1600 stemate,
591 1539 793 1601 quaelibet
824 1544 1027 1588 columna
1058 1548 1250 1592 anterior
1281 1548 1440 1592 lentius
1472 1548 1779 1606 progredien5‚
1812 1564 1837 1593 a
1869 1564 2010 1603 nova,
2042 1562 2142 1612 quae·
2169 1548 2422 1606 insequitur,

355 1593 607 1649 urgebitur.
640 1597 715 1640 Ab
746 1612 798 1643 eo
832 1615 932 1645 vero
965 1602 1150 1658 impulsu
1181 1606 1301 1649 undae
1332 1620 1501 1661 nuperae
1534 1606 1580 1650 in
1610 1606 1806 1663 priorem
1835 1640 1848 1661 ,
1879 1606 2019 1663 pulsus
2051 1606 2322 1662 potiffimum
2355 1624 2427 1653 na-

356 1650 518 1695 scitur.
553 1651 708 1709 Neque
739 1655 838 1701 ideo
869 1658 1012 1713 pulsus
1044 1661 1188 1706 minus
1219 1664 1371 1707 eodem
1404 1663 1489 1707 fietu
1522 1664 1636 1708 oculi
1685 1677 1763 1721 per
1805 1678 1956 1708 ornnes
2000 1664 2177 1708 arterias
2219 1662 2298 1726 siet
2326 1680 2335 1706 t
2381 1667 2426 1711 id

357 1720 506 1753 autem
538 1710 662 1754 unic-e
694 1712 791 1756 inde
823 1715 1020 1770 sequetur
1041 1751 1054 1771 ,
1098 1720 1215 1774 quod
1259 1720 1446 1765 omnino
1476 1720 1702 1777 sequitur,
1732 1721 1903 1778 pulsum
1933 1722 2074 1766 eundo
2104 1721 2426 1778 debilitari‚<fi-

354 1781 410 1810 ve
443 1767 747 1880 niinugba)tqu1e
778 1772 920 1818 minus
951 1774 1126 1824 arterias
1157 1776 1203 1822 in
1233 1777 1302 1823 sua
1332 1778 1509 1824 diastole
1538 1779 1708 1824 dilatari
1735 1812 1749 1835 ‚
1792 1779 2082 1836 quo-longius
2113 1793 2137 1822 a
2167 1779 2294 1822 corde
2324 1781 2421 1824 sunt

348 1837 532 1871 :remotae
668 1860 679 1871 .

412 1883 523 1941 Quae
555 1898 667 1929 nunc
697 1888 817 1944 posui
843 1921 855 1941 ‚
898 1904 946 1936 ea
976 1906 1031 1938 ex
1063 1892 1272 1939 vivorum
1302 1895 1557 1941 animalium
1589 1895 1961 1957 contemplatione
1993 1889 2210 1953 manifesta
2241 1894 2420 1955 reddun-

355 1953 464 1987 tur.
500 1941 619 1987 Nam
649 1947 978 2003 quamprimum
1010 1952 1181 2009 languet
1224 1952 1270 1997 in
1312 1965 1508 1999 mortem
1551 1953 1809 1995 inclinatum
1850 1949 2049 2012 animal,
2094 1959 2243 2010 utique
2287 1964 2425 2011 inani-

353 2000 461 2045 sesto
492 1998 620 2045 serius
651 2013 780 2058 atque
812 2003 942 2050 serius
975 2008 1116 2063 pulsus
1148 2010 1194 2053 in
1224 2012 1391 2053 arteriis
1410 2025 1445 2051 <a
1476 2009 1603 2051 corde
1634 2005 1942 2051 remotioribus
1988 2018 2253 2067 percipitur,
2285 2007 2424 2060 qualis

354 2057 442 2101 fere
476 2057 756 2113 peristalticus
788 2076 866 2117 per
897 2063 1095 2107 intestina
1124 2075 1271 2109 motus
1307 2063 1521 2120 proserpit
1553 2064 1644 2115 (c)
1668 2095 1679 2107 .
1727 2063 1914 2119 Quando
1945 2074 2081 2123 etiam
2111 2061 2198 2122 isto·
2224 2060 2427 2119 languore

354 2114 537 2158 debilius
569 2130 646 2159 cor
677 2130 788 2159 nunc
835 2118 962 2171 salit,
993 2120 1178 2163 omnino
1222 2121 1360 2165 solum
1410 2119 1675 2177 principium
1721 2134 1885 2176 magnae
1928 2130 2092 2180 arteriae
2140 2130 2273 2181 mieat
2306 2119 2430 2183 (sl),

359 2184 495 2227 neque
527 2172 639 2214 ultra
672 2172 814 2226 pulsus
844 2175 1085 2231 percipitur
1113 2209 1125 2230 ,
1157 2187 1204 2221 ut
1237 2176 1341 2233 saepe
1374 2193 1444 2222 me
1476 2178 1520 2221 in
1554 2176 1803 2221 hominibus
1837 2175 2134 2237 moribundis,
2165 2175 2264 2238 alias
2296 2188 2430 2221 etiam

357 2228 404 2272 in
436 2227 547 2271 vivis
579 2228 766 2273 bestiolis
798 2246 868 2274 me
901 2231 1048 2276 vidissze
1073 2265 1087 2287 ‚
1133 2234 1219 2288 jam
1248 2235 1348 2277 alibi
1381 2233 1556 2290 exposui
1602 2231 1727 2283 (αἶ’)
1751 2265 1762 2275 .
1810 2231 1927 2276 Cum
1967 2232 2122 2295 polypi
2169 2247 2213 2275 in
2243 2245 2427 2290 utroque

359 2284 609 2328 ventriculo
640 2285 798 2340 essent,
829 2287 969 2343 pulsus
1002 2289 1045 2333 in
1078 2303 1208 2345 carpo
1240 2292 1410 2344 nullus,
1444 2292 1489 2335 in
1521 2288 1695 2346 pestore
1727 2301 1874 2352 tamen
1922 2289 2077 2344 aliquis
2117 2289 2293 2351 -(d**)
2323 2323 2332 2332 .
2379 2292 2432 2334 ln

359 2342 516 2386 vivido
547 2341 732 2386 animale
764 2345 854 2389 haec
887 2344 1153 2401 tempuscula
1181 2379 1196 2399 ,
1242 2347 1438 2392 distinsla
1482 2347 1658 2404 utique,
1691 2346 1741 2390 ab
1772 2346 1858 2403 ipsa
1891 2345 1960 2409 sua
1994 2347 2431 2411 velomtatetconsun-

363 2400 523 2444 duntur
553 2400 653 2454 (e)..
688 2400 835 2457 Quam
868 2402 1073 2459 exiguum
1105 2401 1335 2448 discrimen
1368 2405 1445 2460 sit,
1474 2405 1576 2453 satis
1608 2403 1733 2449 facile
1764 2404 2025 2460 intelligitur
2050 2438 2061 2448 .
2107 2405 2203 2448 Sint
2236 2420 2303 2468 in¹
2324 2417 2433 2449 arte-

360 2456 427 2503 ria
456 2467 541 2501 tres
573 2456 784 2514 sanguinis
817 2460 1059 2512 columnae,
1090 2474 1227 2516 neque
1258 2463 1377 2508 enim
1408 2476 1610 2509 numerus
1641 2477 1737 2507 rem
1768 2472 1946 2516 mutat3
1979 2461 2252 2517 tempusculo
2294 2462 2430 2516 ierus,

2344 2533 2433 2576 quo

356 2670 1469 2692 --—***um—*—-m
1489 2673 2432 2691 ----——-4--fi-—--—-—-

403 2752 461 2796 (u)
486 2758 525 2788 L.
545 2765 571 2787 e.
1471 2763 1513 2802 (2
1558 2764 1594 2799 P,
1635 2765 1709 2793 161.

405 2800 472 2840 (x)
497 2799 713 2833 obseuriores
739 2800 792 2834 Cl.
820 2799 883 2833 viri
911 2813 1008 2835 voces
1033 2803 1207 2846 fecerunt,
1225 2813 1261 2840 ut
1278 2817 1368 2841 earn-
1472 2757 1529 2848 (3))
1550 2806 1727 2848 Almagest.
1754 2816 1787 2849 p.
1811 2814 1885 2845 257.

362 2844 439 2877 dem
466 2845 634 2888 utriusque
664 2845 809 2879 :iusseris
844 2847 1040 2887 opinionem
1066 2850 1126 2882 effe
1152 2853 1366 2893 putaverim:
1471 2851 1530 2896 (b)
1556 2856 1600 2897 N.
1630 2861 1694 2884 12,

363 2891 472 2921 Mem.
500 2890 552 2922 sur
578 2892 607 2922 le
633 2902 745 2924 mouv.
770 2891 813 2924 du
839 2891 917 2933 sang
952 2904 982 2936 p.
1013 2904 1066 2934 35„
1093 2897 1191 2927 Nunc
1219 2896 1252 2928 in
1279 2897 1370 2930 litte·
1472 2896 1523 2940 (c)
1550 2901 1602 2930 Du
1627 2896 1756 2930 Boi-deu
1780 2893 1950 2946 recherch.
1977 2894 2028 2927 sui·
2051 2893 2082 2927 le
2108 2891 2202 2938 pouls
2228 2903 2260 2939 p-
2290 2903 2365 2937 324·

362 2933 409 2964 ris
433 2934 557 2967 metius
584 2944 732 2968 mentem
754 2938 809 2970 Cl.
834 2939 957 2970 ssruniae·
984 2939 1146 2981 edofius‚
1164 2940 1281 2974 lubens
1299 2953 1370 2974 mo·
1474 2944 1536 2984 (d)
1561 2940 1688 2975 Second
1711 2950 1872 2973 mernoire
1896 2949 1972 2982 exp.
2000 2941 2054 2980 85-

367 2987 454 3013 neo,
481 2978 593 3011 minus
619 2992 635 3012 a
661 2981 759 3015 nobis
785 2982 837 3017 el.
860 2982 973 3019 virum
998 2984 1171 3027 recedere,
1195 2996 1296 3030 quam
1322 2998 1372 3020 re·
1477 2987 1558 3026 (d⁴⁸)
1583 2991 1614 3019 P.
1647 2996 1719 3024 ¹53·

369 3020 506 3054 ”cedebat
532 3025 742 3065 Primis-osius
761 3047 771 3060 0
1479 3030 1575 3073 (dn)
1601 3031 1770 3072 Prffimius
1794 3038 1920 3073 P·1²5·

410 3065 474 3106 ty)
500 3069 537 3099 L.
562 3069 608 3099 11.
630 3074 737 3110 1233·
1480 3079 1540 3118 (e)
1568 3078 1603 3108 Ρ.
1636 3084 1706 3115 ¹43·
